2451 3747
1207 367 1232 408 6

152 515 439 564 temperatam3
495 509 564 549 sed
611 507 705 548 felix
752 518 794 547 es
835 506 957 545 etiam
1000 515 1129 552 nunc,
1184 502 1291 555 quod
1334 505 1504 553 propter
1542 501 1756 542 victoriam
1786 500 2023 553 nuperrime
2054 502 2311 552 reportatam

152 592 253 632 lianc
284 588 472 640 recepisti
505 597 704 638 pompam.
766 584 925 633 Quare«
969 592 1081 633 seqq.
1146 579 1405 632 Asyndeton,
1448 579 1556 631 quod
1598 579 1694 621 libri
1733 579 1930 620 exhibent
1961 591 1997 619 v.
2024 579 2100 630 17,
2139 577 2310 620 tolerari

152 683 228 711 non
259 680 376 720 posse
407 669 588 718 apparet.
648 664 732 705 Nec
763 662 894 714 magis
927 675 969 700 τε
1000 663 1143 712 aptum
1183 659 1311 709 foret,
1352 659 1463 710 quod
1495 659 1678 699 inserere
1712 658 1843 699 voluit
1873 657 1970 699 olim
2000 657 2045 698 T.
2068 657 2310 698 Mommsen.

152 745 383 789 Desiderari
415 743 459 783 δέ
490 743 732 796 particulam
765 741 927 782 videtur
957 740 1135 780 sensisse
1177 738 1258 779 iam
1291 737 1521 791 Ceporinus
1561 737 1747 779 scribens
1789 735 1869 793 ἔχει
1909 736 2109 792 συγγενὴς
2139 733 2189 776 δ’.
2249 735 2312 777 Tu

153 826 296 874 scribe,
329 824 405 864 nisi
436 823 540 863 forte
572 822 698 862 mavis
731 818 811 877 ’ἔχει
843 819 878 859 δ’
912 818 1090 872 ἐγγενές
1123 817 1231 871 (coll.
1265 818 1382 859 Nem.
1404 818 1454 869 X,
1488 816 1582 869 51),
1624 815 1734 867 quod
1766 827 1847 856 non
1881 826 2008 867 opus,
2049 812 2105 871 ἔχ
2118 828 2159 854 ει
2190 828 2313 866 συγ-

154 902 295 956 γενὲς
325 899 364 940 δ’
396 899 668 954 ὀφθαλμός
700 899 778 938 κτλ.
839 897 943 938 Nam
976 909 1033 938 vs.
1058 898 1081 937 6
1114 900 1155 938 et
1187 897 1209 936 7
1242 896 1438 948 strophae
1476 896 1517 937 in
1560 907 1686 936 unum
1728 897 1774 935 ut
1818 892 2148 946 coniungantur,
2188 893 2313 936 etiam

154 987 324 1022 metrum
356 979 543 1020 carminis
575 976 741 1026 suadet,
773 976 814 1016 in
846 987 925 1029 quo
956 975 1061 1016 male
1093 987 1136 1016 se
1166 974 1320 1016 habeat
1350 986 1494 1016 versus
1527 971 1796 1025 dochmius.1)
1860 970 2029 1024 Syllaba
2069 972 2185 1014 brevi
2221 983 2313 1024 pro-

155 1061 273 1101 ducta
310 1070 368 1098 vs,
401 1056 601 1097 37—38:
658 1055 848 1110 Ιῴισαῖον
888 1054 1018 1109 λόφόν
1056 1053 1229 1107 ἄμειψεν
1267 1053 1310 1092 ἐν
1350 1049 1586 1094 κοιλόπεδον
1628 1053 1755 1098 νάπος
1794 1064 1845 1092 ne
1894 1050 2127 1099 offendam,
2174 1050 2316 1093 confer

155 1136 373 1189 Bergkium
403 1135 454 1177 ad
487 1135 603 1187 Pyth.
625 1132 707 1184 ΙΠ,
741 1134 777 1174 6.
839 1133 900 1174 De
930 1131 1132 1185 particula
1163 1131 1211 1172 δέ
1252 1136 1344 1184 post
1383 1131 1556 1174 alteram
1595 1131 1826 1173 sententiae
1864 1142 2005 1172 vocem
2043 1129 2181 1182 posita
2219 1128 2315 1171 vide

153 1219 326 1267 interpp.
355 1215 406 1255 ad
437 1214 604 1255 Theocr.
628 1211 698 1263 VI,
731 1212 797 1253 39.
830 1212 946 1253 Pind.
979 1211 1041 1252 Ol.
1066 1211 1114 1261 X,
1148 1209 1258 1263 99.2)

291 1418 328 1456 4.
383 1416 483 1457 Cum
522 1416 703 1457 carmina
741 1415 821 1457 duo
861 1428 983 1457 unam
1026 1417 1065 1457 in
1105 1417 1319 1459 victoriam
1358 1418 1514 1470 scripta
1553 1417 1808 1468 invenimus,
1852 1417 1965 1459 velut
2001 1416 2065 1458 Ol.
2093 1416 2154 1458 XI
2195 1419 2236 1458 et
2266 1417 2317 1468 X,

155 1497 215 1537 Ol.
237 1496 296 1536 1V
318 1501 357 1538 et
380 1497 424 1543 V,
456 1497 517 1538 Ol.
541 1497 578 1537 ΙΙ
601 1501 640 1537 et
662 1497 733 1546 ΙΙΙ,
765 1495 884 1548 Pyth.
906 1495 967 1537 IV
990 1500 1031 1538 et
1054 1497 1099 1547 V,
1132 1508 1213 1548 quo
1244 1497 1314 1538 illa
1335 1497 1445 1539 facta
1476 1510 1610 1550 quove
1641 1500 1809 1539 cantata
1839 1497 1923 1538 sint
1953 1495 2097 1537 ordine
2117 1507 2318 1547 quaeren-

158 1578 250 1617 dum
270 1580 343 1617 est.
389 1576 449 1616 01.
469 1576 593 1627 igitur
609 1574 681 1626 XI,
704 1575 992 1617 brevissimum
1010 1588 1186 1627 carmen,
1209 1576 1422 1629 Olympiae
1439 1576 1516 1618 sub
1537 1576 1669 1629 ipsam
1693 1574 1907 1635 victoriam
1925 1574 2091 1616 videtur
2107 1578 2319 1616 cantatum

154 1655 304 1709 esse33)
338 1655 398 1695 Ol.
423 1656 457 1695 X
489 1654 629 1695 multis
661 1656 777 1695 annis
809 1659 903 1707 post
934 1656 1206 1707 compositum
1238 1667 1330 1696 esse
1360 1659 1534 1708 apparet
1567 1667 1615 1696 ex
1647 1666 1727 1695 vss.
1753 1653 1887 1705 1—8,
1921 1654 1973 1694 99
1993 1665 2060 1700 ss.,
2093 1653 2251 1696 scilicet
2271 1657 2319 1694 ut

153 1739 362 1775 canereter
393 1734 658 1775 redeuntibus
690 1733 885 1776 victoriae
917 1734 1195 1775 sollemnibus.
1259 1735 1395 1775 Etiam
1428 1732 1572 1774 01.1V
1605 1733 1820 1786 Olympiae
1852 1736 2064 1774 cantatum
2095 1744 2187 1774 esse
2217 1734 2318 1785 puto

155 1824 244 1854 cum
278 1812 480 1854 Boeckhio
513 1813 650 1865 (expll.
685 1827 720 1864 p.
747 1813 838 1853 143.
874 1813 989 1865 145);
1032 1812 1153 1854 01.V
1185 1813 1326 1865 procul
1369 1813 1493 1854 dubio
1534 1825 1709 1865 pompae
1749 1811 2003 1854 destinatum
2043 1800 2107 1853 est
2137 1811 2320 1853 Camari-

155 1893 281 1942 nensi,
315 1872 360 1932 tic
391 1891 507 1932 valde
539 1891 695 1932 arridet
727 1892 964 1932 coniectura
995 1891 1191 1933 Boeckhii
1223 1890 1387 1944 singula
1418 1895 1645 1943 systemata
1673 1891 1784 1942 apud
1815 1891 1896 1932 tria
1935 1890 2107 1932 deorum
2145 1889 2320 1932 delubra

155 1968 430 2021 (Camarinae,
470 1969 660 2019 Palladis,
693 1969 825 2022 Jovis)
859 1974 1025 2010 cantata
1056 1981 1146 2011 esse
1177 1971 1438 2022 suspicantis.
1471 1993 1526 1999 —
1557 1969 1643 2010 Iam
1677 1970 1727 2011 de
1758 1969 1820 2010 Ol.
1843 1968 1884 2010 II
1916 1973 1957 2011 et
1987 1968 2066 2020 ΠΙ,
2107 1968 2228 2022 Pyth.
2259 1968 2318 2011 IV

155 2052 195 2088 et
217 2046 251 2086 V
274 2048 494 2089 videamus.
543 2048 725 2097 Quorum
757 2047 825 2088 illa
855 2048 1018 2100 quidem
1043 2048 1314 2101 Ag1·igenti‚4)
1346 2048 1447 2090 haec
1469 2048 1642 2100 Cyrenis
1673 2051 1842 2090 cantata
1873 2060 1964 2089 esse
1994 2047 2207 2100 probabile
2238 2051 2320 2099 est3

156 2130 241 2165 tum
265 2124 325 2166 Ol.
348 2124 410 2165 III
443 2130 483 2166 et
505 2126 621 2178 Pyth.
647 2126 678 2166 V
710 2126 893 2167 sollemni
926 2128 966 2167 in
997 2139 1158 2179 pompa,
1191 2127 1255 2168 Ol.
1278 2128 1317 2168 Il
1350 2132 1391 2168 et.
1411 2126 1531 2180 Pyth.
1556 2128 1612 2169 lV
1645 2127 1809 2179 privata
1839 2126 1880 2167 in
1914 2127 2206 2169 comissatione
2227 2130 2322 2169 acta

156 2216 242 2245 esse
272 2203 361 2255 ipsa
393 2204 617 2245 carminum
655 2204 812 2246 indoles
855 2205 1049 2246 declarat.
1108 2204 1190 2247 Sed
1232 2207 1283 2247 de
1320 2210 1506 2258 tempore
1547 2221 1626 2250 non
1667 2212 1841 2249 constat.
1904 2208 2053 2250 Dissen
2092 2221 2182 2250 cum
2220 2209 2323 2250 Boe-

157 2282 274 2323 ckhio
312 2282 372 2323 Ol.
406 2282 465 2323 ΙΙΙ
496 2288 590 2324 ante
626 2284 688 2324 Ol.
716 2283 757 2323 II
788 2289 827 2324 et
860 2285 977 2336 Pyth.
1011 2285 1044 2326 V
1076 2290 1172 2326 ante
1204 2286 1322 2338 Pyth.
1346 2286 1403 2327 IV
1437 2290 1603 2328 cantata
1643 2298 1734 2327 esse
1777 2291 1938 2336 censet,
1987 2298 2078 2328 cum
2125 2286 2202 2327 diis
2248 2298 2318 2338 pu-

161 2361 258 2401 blice
280 2361 437 2412 gratiae
468 2368 582 2403 actae
614 2361 829 2404 videantur
861 2368 967 2414 ante,
996 2375 1119 2414 quam
1151 2364 1314 2416 privata
1336 2366 1571 2407 comissatio
1594 2366 1832 2408 haberetur.
1882 2366 2034 2408 Verum
2056 2365 2133 2407 hoc
2154 2366 2319 2418 quidem

158 2437 373 2479 incertum.
435 2440 479 2479 ld
526 2440 613 2481 sine
660 2440 739 2482 ulla
786 2441 1042 2483 dubitatione
1087 2442 1374 2485 affirmaverim
1408 2444 1470 2485 Ol.
1494 2444 1531 2485 ΙΙ
1564 2448 1605 2486 et
1636 2444 1697 2485 Ol.
1720 2443 1783 2484 III
1827 2457 1906 2486 non
1953 2444 2012 2485 ita
2054 2444 2183 2486 multo
2227 2447 2322 2496 post

159 2515 367 2557 victoriam
413 2517 564 2568 scripta
611 2519 753 2570 esse.⁵·)
814 2520 872 2560 Ac
916 2521 1031 2572 prius
1071 2521 1238 2573 quidem
1276 2526 1488 2565 cantatum
1527 2523 1650 2566 credo
1682 2523 1745 2565 Ol.
1769 2523 1824 2564 11.
1887 2510 2076 2576 Namque
2106 2522 2321 2576 Olympiea

157 2593 198 2634 in
231 2594 399 2636 victoria
435 2600 529 2638 ante
561 2610 699 2639 omnes
731 2598 866 2641 Iovem
899 2605 939 2642 et
970 2602 1188 2644 Herculem
1219 2604 1518 2656 praedicandos
1542 2610 1641 2646 'esse
1671 2607 1795 2656 poeta
1825 2604 1914 2656 ipse
1952 2603 2074 2645 docet
2103 2602 2166 2644 01.
2188 2601 2230 2643 II
2259 2602 2319 2644 in:

154 2668 512 2727 'Avafccdpsnr-feg
544 2674 668 2729 ὕμνοι,
703 2677 784 2716 τίνα
818 2678 925 2730 θεόν,
959 2679 1027 2719 τίν’
1059 2681 1192 2735 ἥρωα,
1225 2681 1310 2721 τίνα
1331 2681 1366 2721 δ’
1388 2681 1522 2736 ἄνδρα
1544 2682 1850 2738 κελαδήσομεν;
1882 2680 1970 2738 ἦτοι
1992 2680 2099 2722 Πίσα
2114 2681 2193 2736 μὲν
2213 2680 2316 2733 Διός,

162 2751 403 2804 Ὀλυμπιάδα
426 2753 461 2792 δ’
485 2754 656 2794 ἔστασεν
680 2753 905 2812 <ΙΙρακλεής
937 2758 1136 2812 ἀκρόθινα
1169 2760 1365 2814 πολέμου·
1399 2761 1478 2801 κτλ.
1524 2760 1611 2802 Iam
1649 2761 1959 2811 Dioscul'orum,
1990 2750 2094 2812 quos
2124 2759 2321 2802 maximo-

296 2889 322 2928 1)
349 2888 437 2920 conf.
463 2887 560 2921 l'ind.
588 2898 692 2922 carin.
719 2899 786 2923 rec.
812 2890 849 2923 T.
877 2890 1070 2926 Mommsen
1096 2904 1129 2937 p.
1147 2896 1224 2937 209,
1249 2893 1306 2927 W.
1332 2893 1459 2927 Christ.
1485 2894 1620 2928 Metrik
1645 2894 1676 2928 d.
1704 2894 1844 2929 Griech.
1871 2906 1905 2929 u.
1930 2894 2031 2929 Rom.
2057 2905 2090 2938 p.
2108 2896 2186 2929 481.

293 2943 321 2984 2)
347 2943 473 2976 Parum
513 2949 607 2978 recto
644 2945 713 2979 huc
749 2952 891 2990 vocant,
924 2948 1021 2983 Pind.
1048 2948 1100 2983 Ol.
1131 2950 1196 2993 Vl,
1230 2952 1274 2985 74
1299 2954 1334 2984 et
1359 2950 1481 2994 OLX,
1517 2953 1579 2991 71,
1611 2951 1671 2985 ubi
1707 2951 1903 2995 asyndeton
1939 2951 2039 2985 utin
2064 2950 2236 2995 oppositis
2260 2960 2320 2994 ap-

164 2998 343 3032 uminum.
392 3000 569 3034 l'articula
595 3002 633 3034 δέ
658 3006 807 3045 utroque
833 3003 907 3037 loco
934 3004 1084 3038 librariis
1110 3005 1267 3040 debetur.
1318 3007 1415 3041 Conf.
1441 3007 1596 3041 Boeckh.
1635 3011 1723 3041 nott.
1754 3008 1845 3042 critt.
1872 3018 1905 3052 p.
1923 3009 1999 3042 379.
2045 3007 2086 3042 T.
2112 3007 2319 3042 Mommsen.

162 3055 239 3087 adn.
267 3056 341 3088 crit.
368 3057 480 3100 suppl.
508 3068 541 3100 p.
564 3062 635 3093 150.

293 3115 321 3156 ³)
347 3113 423 3147 vide
450 3115 601 3149 Boeckh.
628 3120 714 3150 nott.
740 3117 829 3151 critt.
857 3128 889 3160 p.
906 3121 983 3158 405,
1009 3120 1114 3162 expll.
1140 3130 1172 3162 p.
1196 3123 1269 3155 196.

291 3171 321 3211 ⁴)
349 3181 557 3214 quamquam
583 3178 680 3206 recte
705 3178 823 3207 monet
849 3174 887 3207 L.
914 3174 1070 3209 Schmidt
1096 3177 1270 3219 (Pindar⁷s
1288 3177 1410 3211 Leben
1435 3178 1506 3212 und
1524 3178 1705 3222 Dichtung
1730 3188 1763 3222 p.
1782 3180 1863 3222 213)
1889 3178 2023 3211 ταύταν
2043 3176 2179 3222 ἑορτάν
2197 3176 2250 3211 01.
2265 3175 2320 3209 III

160 3235 191 3256 v.
208 3227 252 3257 34
277 3224 374 3259 ludos
399 3227 577 3270 Olympios
602 3228 810 3271 significare,
836 3240 904 3264 non
930 3232 1110 3266 sollemnia
1134 3233 1369 3276 Agrigentina
1395 3235 1474 3269 coll.
1522 3234 1741 3270 Heimsoeth.
1767 3234 1848 3269 add.
1873 3238 1908 3268 et
1933 3245 2022 3271 corr.
2047 3244 2082 3278 p.
2103 3236 2153 3268 11.

295 3286 323 3326 5)
349 3284 390 3316 cf.
420 3284 534 3328 0111,
560 3288 602 3318 4ss
617 3306 643 3310 --
664 3289 707 3320 52
734 3297 810 3321 cum
836 3288 990 3321 Boockh.
1018 3289 1120 3332 expll.
1148 3301 1181 3333 p.
1204 3292 1274 3325 120.
1304 3292 1376 3323 121.
1403 3290 1453 3324 Ol.
1473 3291 1538 3334 111,
1564 3292 1638 3325 Gss.
