2451 3747
1212 339 1239 380 3

141 475 265 518 haec:
313 478 527 529 quaeritur
557 487 666 516 nunc
697 475 900 528 quomodo
932 474 1085 517 factum
1118 476 1192 526 sit,
1224 480 1288 528 ut,
1320 476 1360 517 id
1392 475 1503 527 quod
1534 475 1655 526 plane
1686 473 1918 515 inauditum
1959 476 2022 515 est
2062 485 2141 513 non
2181 471 2314 514 solum

141 555 253 607 apud
275 556 511 604 Pindarum,
543 553 616 595 sed
639 554 762 595 etiam
784 554 893 606 apud
916 555 1098 596 scenicos
1129 558 1286 607 poetas,
1319 555 1425 596 duae
1456 554 1560 596 odae
1591 552 1734 594 eodem
1766 554 1897 593 metro
1928 550 2108 603 scriptae
2140 553 2314 592 exstent.

139 617 258 684 Quod
291 634 430 687 Bergk
460 633 512 674 ad
551 633 810 674 insolentiam
849 633 971 674 istam
1009 634 1285 676 excusandam
1325 633 1507 686 profert,
1546 644 1626 674 non
1667 630 1925 683 satisfacit.¹)
1965 654 2020 659 —
2060 628 2168 679 Quid
2207 627 2315 670 hoc‘?

139 711 427 766 Cleonymidas
458 711 666 754 Pindarus
697 712 841 754 Isthm.
866 713 937 764 IV,
971 713 1129 753 9—14
1159 713 1218 754 sic
1249 711 1478 755 collaudat:

345 804 453 844 ὅσσα
484 803 518 843 δ’
551 802 613 843 ἐπ’
646 801 898 858 ἀνθρώπους
927 801 1048 858 α”ηται

341 882 850 939 μαρτύρια-φθιμένων
882 883 1087 930 ζωῶντε
1118 884 1300 936 φωτῶν

343 962 566 1003 ἀπλέτου
599 962 778 1014 δόξας,
811 961 1119 1016 ἐπέῴαυσαν
1150 960 1279 1000 κατὰ
1310 962 1407 1000 πᾶν
1440 958 1610 1006 τέλος·
1642 956 1834 1012 ἀνορέαις
1865 956 1900 997 δ’
1934 956 2164 1013 ἐσχάταισιν

343 1040 503 1082 οἴκοθεν
535 1042 742 1082 στάλαισιν
774 1038 943 1081 ἅπτονθ’
970 1035 1244 1094 “Ηρακλειάις·

344 1122 406 1161 καὶ
433 1120 576 1176 μηκέτι
603 1120 868 1175 μακροτέραν
900 1118 1092 1160 σπεύδειν
1124 1117 1293 1172 ἀρετάν.

273 1212 426 1253 Fateor
453 1215 616 1264 poetam
640 1211 740 1253 satis
761 1210 980 1262 prodigum
1003 1220 1093 1251 esse
1114 1208 1156 1250 in
1178 1207 1382 1250 eiusmodi
1403 1205 1643 1260 hyperbolis
1664 1205 1931 1249 adhibendis:
1963 1205 2058 1248 huic
2079 1207 2170 1248 loco
2195 1218 2316 1258 quem

138 1291 347 1334 conferam
379 1303 460 1332 non
490 1290 635 1332 habeo.
687 1290 836 1331 Dissen
868 1288 1033 1341 quidem
1065 1287 1117 1329 ad
1149 1287 1320 1329 verbum
1353 1285 1481 1334 δόξας
1510 1298 1547 1328 v.
1573 1287 1621 1326 11
1655 1288 1794 1328 notat:
1847 1285 2017 1332 »laudis
2049 1284 2241 1327 virtutis«
2277 1289 2318 1327 et

139 1370 191 1411 ad
225 1383 261 1411 v.
287 1371 357 1410 12:
409 1370 543 1422 »quod
574 1367 767 1411 Herculis
799 1369 1010 1410 columnas
1042 1377 1112 1407 eos
1143 1369 1358 1407 assecutos
1388 1364 1499 1416 dicit,
1530 1363 1660 1416 magis
1682 1364 1732 1405 de
1754 1362 1979 1405 virtutibus
2002 1362 2316 1416 intelligendum

139 1453 203 1490 est
233 1460 355 1501 quam
387 1449 438 1490 de
469 1448 592 1490 rebus
624 1460 716 1489 cum
748 1444 1143 1498 successurgestis«
1208 1443 1290 1485 Sed
1321 1447 1368 1485 ut
1405 1443 1677 1486 concedamus
1718 1442 1820 1484 haec
1859 1442 1947 1482 viro
1988 1443 2250 1484 acutissimo:
2284 1444 2317 1485 si

139 1526 305 1578 quidem
341 1526 558 1580 »ὃιάπειρα
587 1526 757 1580 βροτῶν
790 1523 993 1582 {demam
1029 1528 1162 1566 restat
1191 1524 1269 1566 hoc
1299 1523 1388 1565 loco
1420 1522 1578 1576 aliquid
1611 1522 1734 1564 inane
1766 1522 1925 1564 collatis
1954 1526 1996 1563 et
2016 1522 2152 1563 verbis
2176 1522 2316 1564 statim

139 1605 488 1658 subsequentibus
511 1604 759 1659 ἱπποτρόφοι
792 1603 822 1643 τ’
854 1602 1056 1656 ἐγένοντο,
1088 1602 1140 1644 ad
1172 1614 1279 1654 quae
1311 1605 1423 1644 recte
1455 1605 1595 1643 monet
1616 1600 1765 1642 Dissen
1797 1601 1879 1641 ἱππ.
1912 1601 2140 1653 prudenter
2162 1602 2317 1644 dictum

139 1694 241 1733 esse,
274 1695 366 1724 cum
399 1683 574 1725 victores
606 1695 687 1724 non
719 1694 882 1736 semper
911 1681 1078 1731 fuerint,
1113 1687 1153 1725 et
1182 1695 1264 1724 vss.
1287 1682 1487 1732 28—30,
1520 1682 1590 1735 qui
1621 1681 1843 1723 ostendant
1873 1681 2098 1723 maioribus
2139 1681 2180 1721 in
2211 1681 2318 1722 ludis

140 1760 428 1814 Cleonymidas
450 1763 686 1805 decertasse
718 1761 809 1804 illos
840 1763 1019 1816 quidem,
1050 1762 1198 1805 vicisse
1229 1774 1453 1815 nunquam.
1476 1785 1530 1790 —
1562 1761 1683 1812 Quid,
1716 1759 1752 1802 si
1783 1759 1963 1801 nondum
1996 1761 2194 1802 docuerat
2223 1759 2317 1801 Pin-

138 1840 265 1882 darus
289 1839 460 1882 'carmen
492 1841 551 1883 IV
583 1853 630 1883 eo
663 1845 861 1894 tempore,
893 1853 974 1893 quo
1006 1840 1183 1883 victoria
1213 1840 1422 1883 Nemeaea
1453 1838 1650 1881 nunciata
1681 1843 1754 1889 est,
1788 1842 1876 1880 tum
1906 1850 2005 1880 vero
2036 1843 2183 1891 poetae
2213 1838 2317 1880 illud

138 1931 219 1961 non
250 1920 332 1960 iam
364 1918 635 1973 satisfecitP2)
682 1920 791 1970 Quid
823 1919 986 1961 multa?
1033 1918 1225 1961 Carmine
1257 1920 1291 1960 si
1313 1931 1394 1961 non
1415 1919 1590 1970 abiecto,
1621 1922 1665 1959 at
1686 1929 1910 1971 suppresso
1933 1917 2157 1959 Pindarum
2180 1918 2320 1960 existi-

138 2009 298 2039 mamus
329 1999 511 2040 numeris
542 1998 690 2040 iisdem
723 1999 900 2040 alterum
941 2011 1107 2040 carmen
1139 1999 1211 2051 (=
1233 1997 1376 2039 Isthm.
1401 1998 1482 2051 III)
1523 1998 1814 2050 composuisse.
1876 1997 2058 2039 Nemeae
2096 1998 2318 2039 conicimus

139 2077 216 2118 sub
249 2077 381 2129 ipsam
413 2076 570 2119 Melissi
601 2076 819 2119 victoriam
852 2077 943 2119 coll.
978 2077 1040 2119 Ol.
1063 2076 1122 2118 XI
1154 2078 1226 2131 (X)
1260 2077 1476 2130 Olympiae
1506 2080 1554 2117 ut
1584 2076 1749 2118 videtur
1788 2079 1968 2118 cantato,
2029 2075 2137 2117 Illud
2178 2080 2316 2117 tamen

141 2155 362 2208 quominus
395 2155 566 2206 deleret,
599 2156 874 2209 prohibebant
905 2157 1082 2198 fortasse
1104 2156 1290 2198 nonnulli
1312 2156 1506 2199 carminis
1528 2155 1607 2196 loci
1630 2153 1793 2206 gratiae
1814 2155 1936 2206 pleni,
1968 2154 2081 2196 velut
2113 2168 2148 2196 v.
2173 2156 2225 2195 79
2243 2167 2316 2206 ss.;

108 2222 112 2223 ⁷
140 2234 334 2288 privatim
357 2234 503 2288 opinor
534 2234 760 2288 aliquando
792 2247 884 2277 cum
917 2235 1072 2286 amicis,
1105 2235 1202 2287 quin
1234 2235 1356 2276 etiam
1390 2245 1482 2276 cum
1515 2233 1671 2275 victore
1701 2237 1824 2286 poeta
1855 2234 2182 2275 communicavit.
2229 2234 2318 2283 Quo

139 2313 294 2356 factum
327 2316 410 2364 est,
452 2317 498 2355 ut
528 2314 643 2366 prius
676 2325 840 2366 quoque
872 2326 1037 2356 carmen
1070 2324 1200 2365 usque
1239 2313 1291 2354 ad
1330 2317 1474 2355 nostra
1513 2315 1700 2364 tempora
1741 2316 1992 2354 servaretur.
2029 2337 2080 2341 —
2123 2312 2317 2355 Ceterum

141 2404 224 2444 qua
260 2393 421 2435 ratione
461 2398 684 2445 utrumque
725 2404 890 2434 carmen
930 2392 1199 2434 Isthmiorum
1240 2391 1345 2433 libro
1376 2404 1401 2432 a
1437 2391 1718 2443 grammaticis
1754 2392 1954 2433 insertum
1995 2403 2085 2434 esse
2124 2391 2318 2434 videatur

142 2472 295 2524 optime
325 2470 517 2524 exposuit
547 2469 619 2512 Th.
651 2469 803 2523 Bergk.
836 2470 944 2512 PLG
974 2470 989 2495 3
1000 2483 1040 2523 p.
1063 2470 1157 2511 253.

279 2676 318 2715 2.
363 2674 503 2728 Pyth.
527 2675 597 2726 IV,
630 2674 732 2715 263:

414 2752 544 2806 γνῶθι
576 2754 643 2793 νῦν
676 2753 746 2793 τὰν
783 2751 975 2793 Οἰδιπόδα
1007 2751 1174 2806 σοφίαν·
1207 2751 1242 2791 εἰ
1275 2753 1356 2806 γάρ
1389 2765 1445 2800 τις
1476 2747 1602 2799 ὄζους
1633 2752 1826 2808 ὀξυτόμῳ
1859 2753 2015 2794 πελέκει

416 2831 609 2888 ἐξερεῖᾠῖι
645 2847 711 2871 15²²
740 2832 925 2886 μὲἴάλας
956 2831 1097 2886 δρυός,
1131 2830 1303 2887 αἰσχύνῃ
1337 2830 1383 2871 δέ
1415 2832 1450 2870 οἱ
1483 2829 1638 2887 θαητὸν
1672 2831 1794 2882 εἶδος,

423 2913 486 2952 καὶ
517 2910 798 2967 φθινόκαρπος
829 2910 946 2951 ἐοῖσα
978 2911 1084 2951 ὂιόοῖ
1115 2912 1256 2964 ψᾶφον
1289 2911 1379 2964 περ’
1412 2910 1548 2961 αὐτᾶς,

419 2990 464 3032 εἴ
489 3006 586 3031 ποτε
613 2990 822 3049 χειμέριον
855 2991 934 3044 πῦρ
967 2988 1141 3044 ἐξίκηται
1172 2987 1365 3038 λοίσθιον,

417 3073 442 3129 ἢ
475 3072 547 3113 σὺν
579 3070 726 3126 ὀρθαῖς
759 3069 953 3110 κιόνεσσιν
986 3067 1302 3107 δεσποσύναισιν
1334 3066 1578 3122 ἐρειδομένα

283 3211 310 3252 1)
336 3209 378 3242 cf.
406 3206 642 3241 Friederiehs.
670 3205 760 3239 stud.
788 3203 886 3238 Pind.
913 3212 946 3245 p.
966 3204 1019 3237 96.

284 3266 313 3308 2)
340 3265 382 3299 cf.
410 3265 515 3298 etiam
542 3264 695 3298 Bullium
721 3272 837 3306 progr.
866 3261 979 3294 Brem.
1005 3271 1039 3303 p.
1059 3261 1099 3294 18
1113 3280 1143 3283 -»
1164 3262 1213 3293 19.
1262 3258 1362 3291 Jahn.
1389 3268 1468 3293 ann.
1494 3259 1560 3293 vol.
1587 3258 1669 3292 (2111
1694 3268 1726 3301 p.
1746 3259 1947 3292 587-588.

2048 3315 2087 3348 1³}
