2451 3747
1221 367 1245 408 5

147 498 306 539 saevire
336 498 379 539 in
410 499 586 550 optimos
620 500 740 549 cives,
773 501 841 551 qui
875 505 913 542 et
939 501 1125 542 morituri
1149 506 1190 542 et
1212 502 1448 544 exsulantes
1471 504 1643 555 probent
1670 504 1863 545 virtutem
1885 503 2084 545 innatam.
2130 504 2211 546 Sed
2234 517 2325 546 cum

152 577 208 617 sis
239 576 424 619 medicus
455 578 694 629 aptissimus
726 578 917 630 idemque
950 579 1130 631 Apollini
1162 592 1305 631 carus,
1337 580 1420 622 leni
1452 593 1574 622 manu
1606 582 1773 622 admota
1804 582 1953 622 vulnus
1990 593 2109 623 cures
2147 585 2326 634 oportet,

150 659 196 696 ut
226 656 424 697 restituas
456 656 792 710 rempublicam«
857 656 924 698 Sic
955 658 1167 710 praefatus
1199 659 1402 700 Pindarus
1434 672 1508 712 pro
1540 658 1787 712 Damophilo
1824 659 1966 701 exsule
2008 660 2242 702 intercedit.
2272 685 2327 691 —

280 846 318 886 3.
367 845 572 888 Carminis
604 847 725 900 Pyth.
750 847 786 888 V
818 849 1030 891 exordium
1064 850 1150 892 fere
1182 851 1258 892 hoc
1291 856 1376 892 est:

288 925 422 978 »Opes
460 927 571 968 clara
612 940 701 968 cum
743 929 897 970 virtute
936 928 1179 970 coniunctae
1219 928 1532 982 potentissimae
1570 934 1688 980 sunt;
1734 941 1838 981 quas
1880 933 1925 971 tu
1963 931 2128 981 quidem
2168 945 2329 975 summa

83 1063 85 1067 ¹
147 1018 238 1047 cum
271 1005 404 1058 gloria
435 1007 609 1047 sectaris
641 1007 818 1058 propitio
849 1007 1033 1048 Castore.
1097 1007 1313 1060 Sapientes
1353 1020 1450 1048 vero
1490 1008 1592 1049 hanc
1633 1009 1859 1059 potentiam
1901 1010 2025 1050 etiam
2065 1009 2206 1052 ferunt
2242 1013 2330 1064 pul—

147 1084 271 1126 erius,
322 1084 383 1125 Tu
406 1084 535 1136 igitur
565 1097 657 1126 cum
690 1086 820 1126 utaris
852 1098 1011 1126 summa
1042 1085 1250 1134 felicitate,
1275 1109 1327 1113 —
1351 1108 1400 1113 --
1424 1090 1632 1127 memento
1664 1085 1728 1127 dei
1742 1085 1772 1138 ¹)
1805 1086 1986 1127 omnium
2020 1101 2158 1130 rerum
2190 1095 2328 1133 aucto-

147 1163 223 1209 ris,
255 1161 343 1204 cole
374 1163 497 1203 etiam
535 1163 782 1204 Carrhotum
817 1164 1079 1216 (aurigam).«
1144 1164 1356 1205 Hactenus
1388 1164 1525 1205 omnia
1556 1166 1773 1216 perspicua
1805 1168 1914 1205 sunt.
1976 1164 2058 1207 Sed
2089 1167 2207 1210 addit
2237 1174 2331 1221 post

148 1253 185 1283 v.
210 1241 262 1281 14
294 1241 491 1284 nonnulla
522 1238 729 1282 Pindarus
761 1243 899 1294 paullo
931 1244 1191 1285 obscuriora:

695 1320 741 1360 σὲ
773 1320 808 1360 δ’
841 1318 1067 1376 ἐρχόμενον
1098 1320 1140 1360 ἐν
1172 1321 1264 1377 δίκᾳ
1296 1321 1418 1368 πολὺς
1449 1318 1575 1374 ὄλβος
1605 1321 1890 1376 ἀμφινέμεται,

694 1401 737 1440 τὸ
767 1400 855 1454 μέν,
887 1401 947 1441 ὅτι
976 1400 1175 1453 βασιλεύς

698 1479 786 1519 ἐσσὶ
814 1481 998 1533 μεγαλᾶν
1031 1480 1193 1530 πολίων,

699 1556 780 1614 ἔχει
812 1557 1007 1611 συγγενές

696 1636 914 1691 ὀφθαλμὸς
946 1632 1200 1677 αἰδοιότατον
1231 1637 1370 1690 γέρας,

700 1715 773 1773 τεᾷ
810 1719 926 1757 τοῦτο
955 1716 1199 1770 μιγνύμενον
1232 1716 1367 1770 φρενί.

696 1796 838 1849 μάκαρ
872 1795 918 1835 δὲ
950 1796 1011 1835 καὶ
1045 1797 1124 1845 νῦν,
1159 1796 1349 1843 κλεεννᾶς
1380 1796 1439 1835 ὅτι

704 1873 822 1932 εὖχος
853 1874 932 1931 ἤδη
968 1875 1080 1929 παρὰ
1111 1874 1322 1922 Πυθιάδος
1353 1875 1486 1922 ἵπποις
1517 1875 1623 1916 ἑλών

699 1953 865 2000 δέδεξαι
895 1951 1015 1995 τόνδε
1047 1957 1183 2007 κῶμον
1216 1953 1391 2008 ἀνέρων,

693 2030 958 2073 Ἀπολλώνιον
989 2031 1217 2087 ἄθυρμαἜ)

294 2110 431 2152 Verba
462 2108 687 2168 ἐρχόμενον
719 2111 762 2150 ἐν
794 2111 883 2166 δίκᾳ
906 2124 956 2151 ne
977 2111 1098 2163 plane
1120 2110 1254 2152 otiosa
1277 2123 1367 2151 esse
1389 2111 1621 2161 videantur,
1655 2111 1897 2163 explicanda
1919 2116 2017 2152 sunt
2039 2124 2130 2153 cum
2156 2111 2335 2152 Disseno

161 2203 275 2232 »cum
307 2191 363 2231 sis
394 2191 549 2243 probus
581 2194 622 2231 et
652 2190 788 2231 iustus
820 2191 904 2231 vir«
942 2188 1047 2242 (0011.
1081 2189 1223 2230 Isthm.
1249 2190 1321 2236 ῙΙΙ,
1351 2190 1407 2241 5).
1470 2188 1557 2230 lam
1591 2189 1790 2242 bipartita
1823 2196 1886 2231 est
1917 2190 2130 2232 enarratio
2165 2203 2337 2242 magnae

156 2268 388 2310 felicitatis:
437 2270 480 2308 τὸ
509 2268 599 2321 μέν,
631 2269 704 2318 ὅτι,
736 2293 789 2297 --
823 2292 874 2297 —
903 2269 1044 2321 μάκαρ
1077 2268 1122 2308 δὲ
1154 2269 1216 2307 καὶ
1248 2269 1328 2317 νῦν,
1361 2268 1432 2307 ὅτι.
1479 2292 1531 2296 -—
1573 2258 1641 2309 Vs.
1669 2269 1717 2308 17
1737 2281 1789 2309 ss.
1825 2281 1922 2310 vero
1954 2269 2066 2322 regis
2099 2282 2234 2311 mores
2265 2282 2336 2322 po—

158 2349 260 2396 tius,
301 2359 424 2400 quam
455 2346 694 2387 felicitatem
727 2345 983 2397 praedicant.
1044 2345 1196 2387 Parum
1229 2350 1339 2387 recte
1371 2346 1499 2397 igitur
1535 2346 1723 2399 plerique
1761 2347 2034 2399 interpretes,
2072 2360 2176 2400 quos
2219 2347 2338 2400 sequi

159 2427 321 2468 videtur
353 2427 476 2467 etiam
498 2424 648 2477 Bergk,
680 2426 805 2466 verba
837 2424 919 2481 ἔχει
940 2449 994 2454 -
1016 2424 1139 2478 φρενί
1167 2438 1240 2477 pro
1272 2423 1444 2476 apodosi
1476 2424 1528 2464 ad
1561 2424 1619 2464 ὅτι
1644 2449 1692 2453 -
1719 2425 1866 2464 πολίων
1897 2429 2159 2478 acceperunt.
2209 2426 2338 2467 Immo

159 2506 329 2547 incisum
370 2505 469 2545 illud
509 2504 831 2556 assumptionem
874 2504 1057 2544 continet
1097 2502 1324 2555 syllogismi
1367 2501 1506 2544 huius:
1565 2502 1743 2554 primum
1781 2502 2042 2544 felicissimus
2084 2516 2149 2550 es,
2191 2503 2340 2545 deinde

159 2596 202 2625 es
234 2583 422 2636 sapiens:
471 2594 599 2634 quare
641 2582 706 2635 (cf.
746 2595 783 2622 v.
818 2582 885 2634 12)
923 2583 989 2634 pio
1024 2586 1227 2635 gratoque
1263 2583 1398 2623 animo
1435 2594 1526 2622 esse
1563 2581 1701 2623 debes.
1761 2582 1880 2631 Quod
1923 2582 2153 2633 elegantius
2194 2587 2236 2623 et
2276 2594 2338 2623 or-

160 2663 297 2703 natius
344 2665 467 2712 poeta
505 2660 606 2701 dicit
644 2661 720 2701 hoc
760 2660 846 2701 fere
887 2662 1027 2701 modo:
1078 2659 1363 2702 »felicissimus
1405 2672 1471 2710 es,
1517 2659 1715 2711 primum,
1761 2660 1860 2710 quia
1901 2672 1973 2701 rex
2013 2672 2056 2701 es
2098 2671 2338 2712 magnarum

160 2742 343 2790 urbium,
396 2744 509 2781 tenet
560 2740 750 2793 (autem)
801 2739 990 2792 oculus3)
1043 2741 1225 2780 innatam
1277 2739 1382 2780 hanc
1432 2737 1676 2790 dignitatem
1728 2750 1901 2790 eamque
1965 2738 2078 2790 tua4)
2135 2739 2340 2790 sapientia

304 2882 331 2923 l)
356 2880 398 2914 de
424 2881 491 2915 hoc
516 2879 592 2914 loco
620 2879 741 2914 confer
766 2889 856 2922 quac
883 2878 1140 2922 disputavimus
1165 2878 1272 2912 Jahn.
1298 2888 1378 2912 ann.
1409 2878 1493 2913 1877
1519 2888 1552 2920 p.
1572 2879 1617 2911 24

300 2937 330 2980 2)
357 2938 526 2980 συγγενές
550 2946 614 2979 pro
641 2936 817 2980 συγγενής
842 2935 983 2978 reposui
1017 2945 1093 2969 cum
1120 2934 1292 2977 Bergkio3
1326 2934 1369 2967 ct.
1396 2933 1546 2977 Gurlitt‚
1572 2933 1672 2968 Pind.
1698 2934 1797 2978 pyth.
1823 2932 2022 2976 siegesges.
2051 2933 2079 2966 V
2106 2944 2142 2976 p.
2159 2937 2179 2968 5
2206 2935 2338 2977 (progr.

162 2995 290 3029 Joann.
316 2993 443 3027 Hamb.
474 2996 584 3034 1811.)
632 2993 733 3027 Tafel
772 2992 969 3026 dilucidatt.
997 2991 1118 3025 Pindd.
1146 3002 1179 3034 p.
1198 2993 1378 3032 760-61,
1405 2990 1682 3025 Rauclienstein.
1710 3000 1832 3025 comm.
1860 2989 1958 3024 Pind.
1978 2990 1994 3023 1
2021 3000 2055 3033 p.
2078 2992 2133 3024 12.

299 3050 328 3091 3)
354 3049 515 3083 similiter
539 3049 669 3083 dictum
695 3050 737 3094 ἑᾷ
762 3049 898 3093 κεφαλᾷ
924 3049 1035 3092 γέρας
1061 3047 1239 3081 ἔσσεσθαι
1263 3046 1315 3080 01,
1335 3045 1417 3087 VII,
1445 3049 1486 3081 67
1515 3047 1606 3090 (coll.
1633 3047 1686 3081 Ol.
1706 3046 1766 3089 VI⁷
1793 3048 1861 3089 50).

298 3107 327 3148 4)
353 3105 576 3140 Friederichs
601 3110 647 3148 (v.
673 3106 762 3140 stud.
791 3106 888 3139 Pind.
914 3117 947 3148 p.
966 3108 1022 3145 48)
1049 3114 1181 3138 memor
1206 3103 1356 3137 fortasse
1383 3103 1467 3136 dicti
1493 3103 1585 3137 illius
1611 3103 1799 3138 Goethiani
1825 3102 1891 3136 hoc
1923 3101 1998 3136 loco
2031 3102 2216 3145 oppositas
2250 3101 2340 3135 dicit

164 3162 372 3206 dignitatem
398 3161 595 3196 hereditate
621 3167 802 3206 acceptam
830 3166 864 3195 ot
890 3161 1061 3196 Arcesilai
1089 3160 1182 3194 illam
1208 3159 1324 3193 animo
1350 3159 1650 3194 accommodatam
1677 3160 1697 3193 i.
1725 3170 1754 3193 0.
1781 3169 1861 3191 vere
1887 3158 2067 3201 propriam
2094 3158 2244 3201 ideoque
2270 3160 2338 3202 τεᾷ

168 3218 304 3261 (φρενί)
331 3217 486 3260 graviter
511 3217 544 3250 in
570 3217 668 3251 initio
695 3219 846 3261 positam
871 3227 957 3251 esse.
997 3216 1098 3258 Quod
1123 3226 1177 3249 mc
1203 3226 1272 3249 non
1299 3215 1496 3259 intelligere
1522 3216 1702 3251 confiteor.
1725 3236 1758 3240 —
1782 3213 1965 3256 Significat
1989 3219 2096 3258 poeta
2121 3214 2333 3258 sapientiam

165 3274 279 3317 istam,
305 3284 375 3317 qua
400 3284 518 3317 regem
543 3273 670 3308 florere
696 3285 815 3309 omncs
839 3274 1019 3315 novci·int;
1043 3273 1132 3306 conf.
1159 3283 1190 3306 ν.
1213 3273 1294 3306 107:
1332 3269 1447 3316 ἄνδρα
1471 3275 1585 3305 κεῖνον
1614 3271 1814 3306 ἐπαινέοντι
1832 3270 1988 3304 συνετοί.
2009 3270 2200 3315 λεγόμενον
2219 3270 2328 3314 ἐρέω·

173 3330 356 3373 κρέσσονα
380 3330 444 3369 μὲν
471 3328 606 3367 ἁλικίας
633 3328 713 3362 νόον
740 3329 921 3374 φέρβεται
945 3327 1112 3372 γλῶσσάν
1140 3339 1190 3360 τε.
