2451 3747
1207 358 1231 396 7

135 506 232 546 pere
263 506 287 534 a
317 493 506 535 Therone
537 493 669 534 cultos
701 505 791 534 esse
824 493 1028 534 Pindarus
1061 499 1205 534 auctor
1237 498 1299 535 est
1331 493 1392 534 Ol.
1417 492 1494 542 ΙΙΙ,
1527 492 1579 532 39
1598 493 1720 541 υ41,
1753 492 2019 533 sollemnibus
2053 492 2228 534 fortasse
2249 492 2311 532 in-

135 573 343 614 stantibus
376 573 527 625 (neque
560 571 668 612 enim
699 572 740 612 in
773 571 834 613 Ol.
860 571 901 612 II
932 571 1263 623 Tyndaridarum
1296 572 1380 613 ulla
1410 571 1457 612 fit
1488 571 1657 623 mentio)
1692 584 1762 611 rex
1794 571 2011 612 consilium
2051 571 2218 611 videtur
2249 583 2311 612 ce-

134 652 248 703 pisse
280 663 456 693 coronae
487 650 538 691 iis
571 651 835 692 dedicandae.
891 652 921 691 A
953 663 1033 703 quo
1075 655 1246 702 rogatus
1285 651 1461 692 fortasse
1497 650 1702 691 Pindarus
1743 650 1822 690 iam
1862 649 2311 702 magnificentissimum

136 741 301 772 carmen
333 729 500 782 Scripsit
538 729 803 782 Τυνδαρίδαις
835 743 876 769 τε
912 728 1154 783 φιλοξείνοις
1185 728 1299 768 α’ὂεῖν
1330 729 1639 782 καλλιπλοκάμῳ
1673 726 1709 767 θ’
1735 726 1887 784 Ἑλένᾳ.
1946 728 2064 778 Quod
2096 732 2143 769 ut
2174 728 2310 780 splen-

137 808 274 850 didius
305 809 430 849 etiam
461 808 581 850 fieret
610 810 791 850 carmine
822 809 979 859 priore,
1024 808 1190 848 videtur
1221 819 1388 858 operam
1431 807 1613 857 dedisse,
1651 819 1742 848 cum
1786 806 2046 859 »νεοσίγαλον
2085 806 2311 862 τρόποναΙ)

135 888 350 929 inveniret.
386 913 434 916 -
469 887 550 929 Sed
582 889 795 929 veniamus
827 888 877 928 ad
910 886 1093 927 carmina
1122 886 1165 925 in
1190 886 1445 926 Arcesilaum
1476 886 1597 927 facta.
1644 885 1762 937 Pyth.
1788 885 1825 923 V
1856 886 1985 937 igitur
2016 885 2158 928 reduci
2189 886 2312 927 choro

136 967 284 1019 Pythio
315 967 550 1009 dedicatum
582 978 673 1008 esse
704 967 796 1019 quis
827 968 892 1007 est
922 964 992 1017 qui
1023 963 1174 1016 neget?
1233 964 1350 1016 Pyth.
1383 963 1443 1003 IV
1477 964 1522 1004 L.
1557 963 1746 1006 Schmidt
1785 964 2014 1006 arbitratur
2055 965 2178 1006 etiam
2218 969 2314 1006 ante

135 1046 239 1088 illud
259 1046 349 1100 regi
378 1047 551 1088 missum
583 1057 687 1095 esse,
719 1045 830 1099 quod
862 1048 985 1097 poeta
1015 1044 1224 1083 rationem·
1249 1042 1445 1084 habuisse
1476 1042 1666 1084 videatur
1698 1043 1807 1094 regis
1839 1054 1930 1084 cum
1967 1042 2146 1083 maxime
2183 1043 2313 1085 facilis

136 1129 178 1166 et
218 1125 270 1166 ad
312 1124 570 1167 clementiam
608 1123 814 1177 proclivis.
885 1123 1004 1173 Quod
1046 1127 1215 1175 propter
1254 1122 1468 1165 victoriam
1500 1136 1520 1164 a
1554 1127 1678 1176 poeta
1719 1136 1755 1163 v.
1779 1123 1901 1163 2-3
1945 1127 1987 1164 et
2017 1121 2069 1162 66
2106 1121 2314 1163 levissime

136 1207 299 1245 tantum
331 1203 595 1256 perstrictam
627 1203 727 1244 mihi
760 1202 925 1255 quidem
959 1214 1039 1243 non
1071 1201 1262 1253 probavit
1292 1201 1355 1242 vir
1392 1201 1668 1243 doctissimus.
1731 1202 1940 1244 Boeckhio
1982 1200 2188 1243 assentior
2229 1213 2315 1242 car-

138 1295 228 1325 men
262 1282 321 1324 IV
352 1295 435 1324 una
467 1295 560 1324 cum
593 1282 626 1323 V
659 1281 950 1323 transmissum
984 1281 1146 1333 putanti
1180 1280 1320 1333 (expll.
1354 1294 1391 1332 p.
1415 1280 1529 1333 267).
1581 1281 1648 1321 Ita
1680 1281 1786 1322 enim
1819 1281 2006 1322 carmina
2036 1281 2147 1321 inter
2176 1292 2220 1320 se
2252 1291 2314 1320 co-

137 1362 331 1414 haerent,
369 1369 416 1405 ut
453 1364 630 1405 alterum
663 1363 714 1405 ab
755 1363 887 1403 altero
926 1361 1158 1402 seiunctum
1202 1365 1315 1402 recte
1346 1360 1522 1413 intelligi
1554 1361 1618 1402 vix
1650 1361 1794 1413 possit.
1855 1360 1901 1401 In
1935 1360 2116 1401 carmine
2150 1359 2206 1400 IV
2238 1361 2315 1400 Ar-

136 1441 277 1483 cesilai
309 1442 481 1484 victoria
520 1446 682 1483 tantum
723 1454 804 1483 non
846 1439 1073 1490 omittitur>
1114 1441 1264 1492 quippe
1296 1451 1403 1491 quae
1433 1440 1475 1480 in
1508 1453 1539 1481 c.
1574 1441 1606 1481 V
1638 1426 1808 1482 uberius
1847 1443 2027 1481 tractata
2066 1439 2141 1490 sit,
2182 1442 2314 1480 totum

138 1533 235 1562 vero
265 1519 366 1563 illud
398 1524 590 1562 versatur
621 1520 663 1561 in
694 1519 744 1561 iis
776 1517 995 1561 sententiis
1027 1517 1306 1568 illustrandis,
1348 1530 1454 1570 quae
1484 1518 1526 1559 in
1557 1517 1677 1570 Pyth.
1701 1517 1737 1558 V
1768 1522 1814 1559 ut
1853 1518 1894 1558 in
1935 1517 2114 1559 carmine
2153 1517 2316 1569 publice

137 1600 321 1642 canendo
353 1598 512 1642 occulte
543 1599 661 1651 quasi
692 1597 950 1650 significatae
982 1601 1091 1638 sunt.
1155 1594 1306 1638 Confer
1336 1597 1580 1648 praesertim
1617 1595 1739 1649 Pyth.
1762 1597 1820 1647 V,
1854 1596 2085 1636 117-121
2131 1602 2172 1637 et
2211 1607 2315 1648 quos

138 1691 283 1720 versus
314 1679 436 1721 modo
468 1680 523 1732 (p.
549 1680 591 1732 5)
624 1679 914 1732 explicavimus
947 1677 1018 1730 (ib.
1044 1678 1093 1716 17
1111 1677 1258 1728 —19).
1304 1677 1482 1718 Videtur
1512 1676 1640 1729 igitur
1671 1675 1790 1728 Pyth.
1815 1676 1872 1716 IV
1905 1675 2048 1717 statim
2079 1681 2173 1728 post
2204 1688 2316 1729 pom-

137 1769 233 1810 pam
264 1757 415 1800 factam
446 1759 487 1799 in
518 1759 615 1800 aula
644 1759 753 1810 regis
784 1762 996 1799 cantatum
1024 1752 1130 1799 esse.

276 1950 314 1990 5.
360 1948 480 2002 Pyth.
503 1951 598 2001 XII,
631 1951 703 1992 28:

617 2029 651 2069 εἰ
686 2030 733 2070 δέ
765 2043 820 2077 τις
852 2028 976 2083 ὄλβος
1007 2028 1050 2068 ἐν
1083 2028 1377 2083 ἀνθρώποισιν,
1412 2027 1510 2067 ἄνευ
1544 2028 1726 2079 καμάτου

617 2108 662 2148 ου’
695 2107 903 2163 φαίνεται·
935 2108 980 2148 ἐκ
1010 2108 1057 2148 δὲ
1090 2109 1324 2148 τελευτάσει
1358 2122 1413 2146 νιν
1445 2107 1533 2164 ἦτοι
1565 2106 1747 2160 σαξαερον

616 2187 795 2241 δαίμων·
827 2187 871 2227 τό
902 2202 947 2239 γε
974 2187 1179 2241 μόρσιμον
1210 2187 1256 2227 οὗ
1290 2185 1542 2240 παρφυκτόν,
1575 2184 1658 2224 ἀλλ’
1691 2183 1803 2224 ἔσται
1824 2184 1980 2240 χρόνος

607 2265 749 2317 *offa-og,
782 2267 803 2305 ὃ
837 2266 901 2306 καί
929 2265 998 2307 τιν’
1031 2266 1176 2322 ἀελπέα
1204 2266 1349 2318 βαλών

618 2344 785 2399 ἔμπαλιν
817 2347 984 2399 γνώμας
1016 2346 1059 2385 τὸ
1088 2344 1164 2398 μὲν
1196 2344 1336 2400 δώσει,
1369 2345 1412 2383 τὸ
1445 2342 1479 2382 δ’
1512 2341 1641 2383 admo:

275 2423 501 2476 Vulgatam
534 2425 751 2466 lectionem
781 2423 929 2465 Dissen
963 2425 1057 2477 (nisi
1091 2426 1200 2477 quod
1233 2437 1266 2465 V.
1290 2425 1341 2464 29
1375 2423 1463 2480 ἦτοι
1505 2423 1608 2475 legit
1649 2435 1739 2464 cum
1772 2421 2003 2472 Boeckhio,
2046 2435 2082 2462 v.
2105 2421 2159 2462 30
2192 2423 2235 2461 τὸ
2267 2422 2314 2462 δέ

140 2517 189 2546 ex
220 2504 382 2546 duobus
413 2503 527 2545 libris
561 2508 602 2545 et
633 2503 759 2545 schol.
793 2503 907 2544 Gott.
941 2504 1096 2555 recepit
1128 2516 1219 2544 cum
1250 2503 1504 2554 Hermanno)
1538 2503 1595 2543 sic
1632 2502 1948 2561 interpretatur:
2000 2499 2067 2540 »Si
2107 2513 2190 2553 qua
2227 2499 2315 2542 feli-

139 2586 244 2629 citas
277 2586 387 2638 apud
417 2585 617 2635 homines,
650 2585 739 2626 sine
770 2584 911 2626 labore
943 2596 1021 2625 non
1056 2586 1279 2633 comparet,
1311 2582 1529 2634 perfecerit
1562 2586 1700 2622 autem
1732 2593 1821 2623 eam
1851 2592 1949 2622 sane
1971 2579 2034 2621 vel
2055 2579 2176 2621 hodie
2199 2579 2314 2621 deus.

140 2666 288 2708 Fatum
320 2677 416 2706 vero
448 2665 595 2706 evitari
625 2676 705 2705 non
738 2668 895 2716 potest,
938 2663 1010 2704 sed
1042 2662 1119 2704 crit
1152 2666 1314 2713 tempus
1346 2662 1443 2711 hoc,
1484 2661 1592 2712 quod
1625 2660 1747 2701 ctiam
1780 2660 1820 2701 in
1862 2660 2071 2711 insperata
2112 2658 2316 2699 coniciens

139 2750 308 2798 praeter
339 2744 568 2797 opinionem
602 2743 682 2784 alia
713 2742 878 2795 quidem
912 2741 1038 2790 dabit,
1072 2739 1153 2781 alia
1185 2752 1280 2781 vero
1312 2753 1391 2781 non
1425 2739 1576 2780 dabit«
1641 2740 1770 2788 Quam
1804 2751 1884 2780 non
1917 2750 2006 2779 esse
2037 2736 2204 2778 Pindari
2226 2749 2316 2778 sen-

140 2825 312 2866 tentiam
360 2823 458 2864 mihi
507 2823 670 2875 quidem
716 2834 958 2874 persuasum
1007 2825 1082 2860 est.
1153 2819 1296 2871 Neque
1346 2817 1452 2859 enim
1494 2818 1535 2858 in
1574 2818 1748 2858 eundem
1791 2817 1995 2858 hominem
2034 2815 2143 2856 cadit
2183 2815 2314 2867 primo

140 2902 324 2956 perfecta
339 2902 534 2944 felicitate
552 2901 624 2949 uti,
648 2905 734 2941 tum
757 2912 854 2941 vcro
877 2899 957 2940 alia
978 2898 1198 2950 accepisse,
1222 2897 1301 2938 alia
1324 2898 1503 2938 nondum
1527 2897 1744 2948 accepisse.
1789 2895 1927 2936 Verba
1949 2894 2014 2933 καί
2034 2895 2103 2934 τιν’
2125 2917 2179 2922 -
2201 2891 2314 2932 οὔπω

142 2981 397 3034 respondent
427 2979 769 3021 antecedentibus
801 2977 846 3017 ἐκ
877 2977 1111 3017 τελευτάσει
1145 2991 1201 3015 νιν
1232 2999 1286 3004 —
1319 2975 1474 3028 δαίμων
1507 2975 1577 3025 ita,
1610 2980 1656 3016 ut.
1682 2975 1920 3016 felicitatem
1951 2978 2025 3016 aut
2055 2972 2194 3013 statim
2225 2984 2315 3024 pcr-

143 3059 209 3101 fici
241 3063 316 3100 aut
345 3071 427 3100 non
459 3058 599 3099 statim
631 3057 773 3110 perfici
806 3057 917 3097 dicat
948 3060 1082 3108 pocta.
1145 3055 1229 3095 lam
1276 3054 1387 3094 ἔσται
1425 3056 1477 3096 ad
1522 3055 1565 3093 τὸ
1593 3053 1797 3108 μόρσιμον
1838 3053 2102 3095 referendum
2140 3055 2182 3092 et
2223 3065 2314 3093 cum

140 3137 322 3191 Bergkio
353 3137 587 3179 certissima
618 3136 903 3179 emendatione
928 3129 1098 3190 χρόνῳ
1130 3134 1405 3175 scribendum.
1468 3134 1546 3175 Pro
1576 3134 1813 3186 parenthesi
1846 3133 1972 3185 igitur
2009 3131 2150 3183 accipe
2190 3131 2315 3171 verba

145 3219 189 3258 τὸ
221 3217 268 3257 δὲ
300 3217 375 3270 (Sic
407 3229 439 3258 c.
463 3216 623 3268 Herm.)
653 3212 870 3269 μόρσιμον
891 3213 936 3253 οὐ
971 3213 1222 3267 παρφυκτιὶν,
1256 3212 1340 3251 ἀλλ’
1373 3210 1486 3251 ἔσται
1509 3209 1701 3270 χρόνῳ.
1752 3213 1796 3253 V.
1820 3212 1868 3251 31
1905 3211 2079 3253 coniciat
2109 3209 2311 3262 quispiam

281 3347 310 3389 l)
335 3345 378 3379 cf.
405 3343 457 3378 Ol.
478 3343 540 3382 IX,
565 3346 610 3378 48
635 3341 749 3375 ἄνθεα
777 3363 816 3367 —
843 3341 958 3383 ὕμνων
987 3343 1191 3386 νεωτέρων,
1216 3341 1336 3375 Isthm.
1355 3340 1397 3384 V,
1425 3342 1469 3374 63
1497 3342 1575 3373 νέον
1602 3340 1718 3380 ὕμνον.
