2451 3747
1190 355 1217 395 4

665 494 822 550 μόχθον
853 492 986 537 ἄλλοις
1017 490 1186 545 ἀμφέπῃ
1220 489 1421 529 δύστανον
1452 488 1494 527 ἐν
1529 488 1709 545 τειζζεσιν,

667 571 735 612 ἑὸν
767 569 1036 626 ἐρημώσαισα
1061 572 1217 625 χῶρον.

269 666 396 708 Poeta
425 668 641 717 postquam
674 660 973 713 expeditionem
1007 660 1326 711 Argonauticam
1359 660 1558 712 regnique
1591 658 1810 712 Cyrenaici
1852 659 2064 701 enarravit
2103 660 2297 711 origines,

139 746 290 797 pergit:
347 743 477 794 »Sape
515 753 621 782 nunc
658 739 881 792 Oedipodis
919 738 1175 792 sapientiam.
1245 738 1352 780 Nam
1394 738 1429 780 si
1469 738 1561 791 quis
1600 738 1736 780 securi
1774 742 1897 780 acuta
1935 743 2122 790 amputet
2161 751 2297 780 ramos

140 834 308 874 magnae
338 832 512 873 quercus
544 820 816 871 deturpetque
848 817 935 859 eius
976 818 1259 859 admirandam
1292 818 1490 870 speciem,
1529 817 1718 870 quamvis
1751 815 1905 857 sterilis
1940 816 2048 859 facta
2073 816 2208 870 qualis
2245 817 2299 858 sit

140 905 333 949 testatur,
370 899 401 938 si
433 897 596 949 quando
628 898 666 937 in
697 896 834 949 ignem
867 896 1081 937 hibernum
1114 896 1350 947 pervenerit
1383 900 1610 937 extremum
1651 894 1766 936 illum
1808 894 1895 936 sive
1936 896 2060 936 rectis
2099 895 2299 937 columnis

141 978 332 1019 herilibus
372 976 539 1017 suffulta
577 988 678 1017 onus
719 974 993 1016 miserrimum
1025 975 1229 1016 sustineat
1268 1001 1309 1004 ffl-
1344 998 1397 1003 -
1430 987 1504 1015 sua
1537 975 1633 1015 sede
1666 974 1848 1015 relicta«
1920 974 2055 1015 Verba
2086 962 2220 1021 ἄλλοις
2257 973 2300 1014 ἐν

144 1055 306 1110 τείχεσιν
340 1054 570 1094 Boeckhius
603 1065 693 1094 cum
726 1054 960 1094 Hermanno
993 1055 1291 1105 interpretatur
1328 1053 1530 1104 »reliquos
1569 1052 1680 1093 inter
1720 1064 1904 1093 muros:«
1950 1057 1994 1093 at
2033 1065 2131 1094 sane
2168 1053 2302 1094 otiosa

143 1138 277 1173 0550111
309 1133 429 1173 verba
461 1137 500 1173 et
531 1131 721 1183 molesta;
761 1132 907 1173 Dissen
944 1133 1184 1184 »peregrina
1213 1131 1254 1172 in
1296 1136 1449 1181 terra,«
1495 1132 1605 1184 quod
1646 1132 1864 1183 imaginem
1905 1132 1938 1172 si
1976 1135 2139 1184 spectas
2181 1131 2302 1183 plane

143 1210 324 1262 ineptum
355 1215 429 1252 est.
481 1210 605 1252 Recte
635 1210 933 1262 Friederichsl)
965 1209 1099 1257 ἄλλοις
1130 1210 1171 1249 ἐν
1205 1210 1372 1266 τείχεσιν
1403 1211 1593 1262 opposita
1624 1209 1726 1252 dicit
1757 1211 2028 1263 sequentibus
2059 1210 2302 1267 ἑὸν-χῶρον

145 1300 222 1328 11511
266 1290 378 1331 verbi
424 1288 541 1335 ἄλλος
586 1288 811 1329 notissimo.
880 1289 966 1329 Iam
1018 1300 1108 1329 oum
1155 1292 1302 1341 pergat
1342 1287 1567 1330 Pindarus:
1615 1286 1704 1328 ἔσσι
1744 1287 1779 1328 δ’
1821 1289 1940 1345 ἰατὴρ
1983 1287 2303 1344 ἐπικαιρότατος,

148 1369 277 1409 Παιάν
310 1368 351 1408 τέ
389 1383 452 1408 σοι
491 1366 584 1423 τιμᾷ
630 1368 758 1422 φάος·
797 1367 879 1423 χρὴ
917 1367 1102 1420 μαλακὰν
1135 1366 1246 1423 χέρα
1286 1367 1602 1420 προσβάλλοντα
1642 1367 1811 1421 τρώμαν
1853 1366 1991 1414 ἕλκεος
2032 1367 2302 1422 ἀμφιπολεῖν·

144 1445 295 1504 ῥᾴδιον
323 1447 397 1500 μὲν
428 1448 506 1503 γὰρ
539 1447 647 1487 πόλιν
680 1449 811 1486 σεῖσαι
850 1446 911 1485 καὶ
948 1445 1254 1501 ἀφαυροτέροις
1295 1446 1394 1487 κτλ-τ
1447 1450 1665 1498 aegrotare
1706 1446 2002 1498 rempublicam
2043 1447 2305 1489 manifestum

147 1534 219 1568 est.
266 1528 327 1568 Ad
358 1540 478 1580 quani
510 1527 732 1568 sanandam
754 1525 990 1568 Arcesilaus
1022 1539 1093 1567 rex
1124 1526 1306 1567 remedia
1338 1525 1477 1577 paullo
1500 1526 1661 1570 acriora
1683 1525 1848 1567 videtur
1870 1525 2125 1568 adhibuisse.
2171 1525 2307 1577 Quid?

146 1613 425 1654 animadverte
457 1613 616 1662 poetam
648 1608 741 1648 inde
771 1620 795 1648 a
826 1619 862 1646 v.
885 1606 964 1645 277
997 1605 1099 1646 nihil
1131 1605 1244 1647 aliud
1275 1616 1396 1656 quam
1428 1606 1650 1646 admonere
1682 1617 1840 1657 regem,
1880 1619 1930 1647 ne
1972 1606 2161 1647 exsulare
2201 1607 2311 1647 sinat

150 1692 450 1745 Damophilum,
493 1690 678 1730 iuvenem
711 1685 888 1727 nobilem
922 1690 962 1726 et
1000 1690 1228 1730 strenuum,
1267 1688 1353 1725 tum
1395 1696 1431 1724 V.
1466 1685 1547 1725 289
1579 1685 1641 1724 καὶ
1677 1686 1759 1738 μὰν
1800 1688 1930 1732 κεῖνος
1957 1682 2098 1732 Ἀτλας
2138 1684 2306 1739 οὐράνῳ

153 1769 416 1826 προσπαλαίει
439 1770 504 1808 νῦν
526 1782 571 1820 γε
594 1761 789 1820 πατρῴας
821 1764 899 1804 α’πὺ
930 1765 1003 1816 γᾶς
1036 1762 1114 1803 ἀπό
1147 1777 1190 1803 τε
1221 1763 1399 1802 κτεάνων
1430 1763 1561 1804 exsilii
1594 1764 1804 1805 molestias
1836 1765 2048 1816 praeclare
2079 1765 2310 1817 comparari

151 1850 280 1891 oneri:
337 1860 442 1900 quae
479 1845 718 1896 aenigmatis
758 1844 864 1884 ratio
904 1843 977 1891 sit,
1016 1843 1086 1893 qui
1129 1848 1334 1884 extremus
1374 1841 1445 1883 ille
1486 1842 1617 1894 ignis,
1664 1842 1785 1894 quale
1824 1856 1927 1885 onus
1965 1843 2066 1885 illud
2112 1844 2309 1886 miserum

150 1929 202 1981 (v.
228 1926 307 1967 263
331 1925 496 1976 —269)‚
529 1925 591 1964 vix
624 1922 887 1963 dubitaveris.
941 1921 1103 1962 Etenim
1137 1922 1245 1962 cives
1277 1920 1552 1963 nobilissimos
1583 1927 1654 1963 aut
1678 1923 1943 1974 exstinguere
1965 1927 2038 1964 aut
2060 1924 2098 1963 in
2122 1922 2311 1964 exsilium

151 2006 311 2047 mittere
342 2015 463 2056 quam
495 2014 744 2055 perversum,
775 2013 897 2053 quam
929 2000 1160 2052 improbum
1193 2000 1246 2040 sit
1278 2000 1423 2041 docere
1455 2001 1544 2041 vult
1573 2004 1712 2063 poeta.
1760 2000 1868 2042 Cave
1900 2014 1951 2042 ne
1973 2002 2144 2044 verbum
2167 2001 2314 2042 δεσπο-

151 2084 326 2123 σύναισιν
357 2084 474 2123 11111115
505 2093 655 2134 urgens
685 2092 709 2121 a
740 2092 834 2122 vero
866 2079 994 2121 totius
1026 2081 1257 2120 sententiae
1289 2080 1457 2120 consilio
1489 2080 1711 2122 abducare.
1772 2081 1957 2131 Quercus
1990 2081 2096 2122 enim
2130 2083 2315 2134 speciosa

151 2167 190 2202 01
211 2159 354 2202 fertilis
377 2158 485 2209 olim,
518 2171 624 2199 nunc
647 2159 867 2210 deturpata
896 2162 936 2199 et
958 2157 1110 2199 sterilis
1142 2157 1251 2199 facta
1282 2159 1378 2199 sede
1411 2171 1484 2198 sua
1517 2159 1660 2200 relicta
1692 2160 1964 2200 miserrimum
1997 2172 2099 2200 onus
2123 2161 2312 2202 sustinet.

152 2240 241 2289 Qua
268 2238 501 2280 condicione
530 2237 638 2289 quod
673 2239 802 2278 utitur
828 2236 897 2277 illa
929 2236 1127 2278 1101111111
1168 2237 1366 2278 columnis
1400 2236 1581 2287 suffulta,
1614 2237 1766 2278 nullius
1798 2238 1995 2279 momenti
2028 2244 2104 2280 est.
2164 2240 2316 2281 Addito

154 2325 287 2358 tamen
321 2318 397 2357 isto
430 2315 551 2356 verbo
584 2321 628 2356 ut
659 2328 783 2368 supra
816 2317 939 2356 verbo
962 2314 1172 2370 χειμέριον
1204 2316 1339 2366 imago
1372 2317 1455 2356 veri
1490 2319 1535 2356 ut
1566 2315 1626 2357 ita
1658 2315 1789 2357 dicam
1823 2316 1995 2359 similior
2026 2316 2073 2359 fit
2103 2331 2151 2360 ac
2182 2319 2317 2371 splen-

157 2397 301 2437 didior.
371 2396 499 2445 Quam
545 2396 788 2446 aenigmatis
835 2394 1144 2446 explicationem
1193 2395 1272 2435 iam
1310 2406 1333 2434 a
1369 2395 1576 2435 veteribus
1621 2395 1918 2447 interpretibus
1967 2395 2176 2438 inventam
2229 2409 2318 2439 0550

156 2490 269 2517 1101110
301 2476 460 2516 videtur
492 2475 743 2515 observasse.
805 2474 883 2514 Sed
919 2474 1009 2514 vide
1041 2473 1166 2514 501101.
1207 2472 1257 2513 acl
1300 2472 1505 2524 inscript:
1552 2474 1576 2528 ἡ
1608 2473 1687 2527 γὰρ
1719 2473 1769 2530 δὴ
1813 2474 2057 2530 προκειμένη
2095 2475 2183 2532 ὠόὴ
2214 2476 2318 2515 ἱστο-

151 2557 265 2610 ρικὴν
305 2553 385 2610 ἔχει
427 2552 698 2606 παρέκβασιν,
749 2553 795 2591 τὰ
833 2552 910 2606 γὰρ
950 2550 1011 2590 ἐπὶ
1044 2550 1231 2607 Κυρήνης
1264 2551 1432 2597 κτίσεως
1463 2551 1525 2590 καὶ
1558 2553 1638 2590 τῶν
1681 2550 1724 2590 ἐν
1766 2551 1870 2607 αὐτῇ
1912 2555 2105 2609 ταραχῶν
2143 2551 2318 2609 περιέχει

157 2635 216 2672 καὶ
261 2634 335 2678 ὡς
373 2630 699 2685 Ἀρκεσίλαος
746 2630 855 2676 τοὺς
897 2630 991 2682 μὲν
1038 2630 1210 2668 α’νεὶλε
1258 2630 1333 2682 (cf.
1380 2643 1416 2670 V.
1449 2630 1574 2682 266),
1623 2629 1738 2676 τοὺς
1785 2629 1839 2669 δὲ
1881 2631 2211 2684 ἐφυγάδευσε
2249 2630 2317 2684 (cf.

158 2726 190 2752 v.
215 2712 463 2762 §effi-em„
502 2710 543 2748 ἐν
576 2709 632 2755 οἷς
666 2722 720 2755 τις
752 2708 799 2763 ἦν
832 2709 891 2747 καὶ
923 2707 1155 2762 Δαμόφιλος
1187 2709 1265 2748 κτλ.
1331 2709 1617 2749 Recentiorum
1651 2708 1860 2750 hominum
1892 2711 2121 2752 sententias
2153 2722 2317 2763 percen-

155 2806 244 2833 sere
267 2793 430 2842 longum
462 2795 535 2830 est.
584 2790 640 2829 De
663 2786 844 2829 Gurlitto
877 2800 1009 2839 pauca
1039 2789 1202 2829 addam.
1249 2789 1326 2838 Qui
1359 2800 1450 2829 011111
1485 2787 1680 2840 pleraque
1716 2789 1901 2830 hocloco
1923 2794 2036 2831 recte
2057 2787 2319 2839 intellexerit,

154 2884 176 2910 n
219 2886 264 2910 eo
307 2878 440 2909 11110111
483 2875 613 2916 errat,
655 2868 765 2917 quod
798 2879 892 2907 011111
931 2868 1135 2908 l3oeekl1io
1169 2872 1298 2908 totam
1333 2868 1562 2916 civitatem,
1607 2879 1686 2908 non
1719 2867 1977 2908 nobilitatem
2009 2879 2165 2919 quercu
2196 2867 2319 2918 signi-

161 2949 269 2989 ticari
303 2952 434 2999 putat,
467 2948 604 2997 itaque
637 2947 793 2986 1’.”26(’»;
841 2946 1004 2986 εἴποτε
1032 2946 1239 3003 χειλιιέριον
1273 2949 1351 3000 πῦρ
1384 2945 1558 3001 ἐξίκηται
1589 2944 1769 2985 λοίσθιον
1802 2946 1851 2986 de
1873 2947 2162 2987 atrocitatibus
2185 2946 2320 2987 nescio

159 3028 324 3078 quibus,
359 3040 435 3067 11011
469 3028 517 3065 (le
550 3032 731 3066 extremo
764 3030 810 3065 ut
841 3038 913 3076 par
945 3031 1034 3066 erat
1066 3026 1266 3077 supplicio
1299 3024 1511 3077 cogitat.2)
1550 3048 1605 3053 —
1645 3025 1731 3066 Hoc
1761 3024 1889 3076 igitur
1921 3026 2009 3066 vult
2040 3029 2180 3077 poeta:
2227 3023 2321 3065 Noli

298 3218 323 3257 ¹)
348 3227 377 3249 ν.
405 3216 494 3249 stud.
522 3216 619 3249 Pind.
645 3227 677 3258 p.
696 3218 738 3249 35

295 3274 324 3313 2)
352 3283 379 3305 v.
408 3283 522 3316 progr.
549 3273 674 3306 Joann.
704 3271 825 3305 Hamb.
854 3283 950 3305 inens
986 3274 1087 3306 octob
1131 3277 1213 3308 isis>
1239 3286 1272 3316 p.
1293 3278 1345 3307 31.
