2451 3747
725 901 1102 981 STUDIA
1161 899 1741 980 PINDARICA.

289 1085 325 1123 l.
373 1084 641 1126 Isthmiorum
674 1086 901 1127 carminum
935 1087 1104 1127 tertium
1137 1089 1178 1126 et
1208 1090 1401 1136 quartum
1435 1085 1654 1127 coniuncta
1685 1084 1911 1125 traduntur
1940 1083 1980 1123 in
2012 1082 2064 1123 iis
2095 1081 2225 1131 libris,
2256 1081 2326 1132 qui

150 1164 273 1205 etiam
307 1177 472 1206 carmen
504 1166 542 1207 Η
575 1178 665 1207 cum
700 1168 823 1208 tertio
856 1166 1120 1208 coniunctum
1148 1166 1315 1213 habent,
1347 1166 1541 1215 separata
1561 1163 1718 1204 veroin
1743 1161 1836 1203 Vat.
1860 1162 1920 1212 B„
1954 1160 2093 1203 codice
2115 1164 2326 1213 praestan-

149 1243 332 1291 tissimo,
373 1249 498 1297 atque
538 1245 662 1286 etiam
702 1258 726 1285 a
756 1244 991 1286 scholiastis
1033 1245 1226 1285 videntur
1265 1255 1354 1284 esse
1395 1243 1603 1284 distincta.
1669 1241 1862 1293 Plerique
1902 1246 2040 1282 tamen
2086 1240 2329 1283 recentioris

154 1323 305 1364 aetatis
336 1323 413 1364 viri
447 1323 575 1373 docti,
616 1337 666 1364 ne
707 1324 788 1364 duo
828 1323 970 1364 eodem
1013 1326 1145 1363 metro
1185 1323 1342 1374 scripta
1381 1322 1562 1362 carmina
1602 1322 1825 1371 haberent,
1863 1320 1905 1363 in
1944 1333 2070 1363 unum
2113 1319 2334 1362 coniunxe-

156 1405 252 1443 runt
284 1406 455 1453 excepto
487 1402 560 1442 Th.
595 1401 794 1453 Bergkim
835 1401 928 1453 qui,
969 1413 1060 1442 cum
1094 1402 1133 1441 in
1167 1413 1293 1441 unum
1325 1399 1395 1441 illa
1427 1400 1462 1440 si
1495 1399 1865 1451 coniungerentur,
1906 1399 2063 1440 multae
2101 1411 2334 1452 gravesque

153 1484 374 1523 orerentur
405 1479 692 1529 difficultateS‚
730 1492 875 1521 rursus
908 1479 1068 1529 divisit,
1110 1480 1168 1519 ita
1198 1484 1354 1528 tamen,
1395 1483 1441 1519 ut
1479 1482 1519 1519 et
1558 1490 1723 1520 carmen
1756 1478 1815 1520 III
1847 1478 1958 1520 iusto
1998 1490 2140 1519 carere
2178 1478 2336 1519 diceret

152 1559 364 1611 prooemio
397 1572 530 1612 neque
563 1558 755 1600 carminis
786 1557 845 1599 IV
874 1559 1110 1600 institutum
1142 1559 1200 1599 ita
1241 1561 1287 1598 ut
1323 1570 1397 1609 par
1433 1562 1543 1598 esset
1577 1557 1747 1599 absolvi.
1809 1558 1924 1607 Quae
1964 1556 2151 1599 consulto
2186 1556 2334 1598 iisdem

153 1639 335 1679 numeris
374 1638 529 1690 scripta
569 1650 660 1679 esse
698 1639 840 1679 censet
875 1639 936 1678 vir
974 1637 1189 1689 egregius,
1231 1637 1421 1689 quoniam
1466 1637 1528 1676 »in
1564 1636 1760 1678 honorem
1798 1636 1982 1678 eiusdem
2018 1636 2187 1678 victoris
2224 1636 2335 1678 haud

155 1717 279 1759 dubie
311 1717 425 1758 brevi
464 1716 680 1758 intervallo
714 1721 756 1758 et
787 1717 918 1758 maius
958 1721 999 1757 et
1036 1716 1172 1757 minus
1211 1728 1375 1757 carmen
1418 1715 1714 1766 compositum«
1759 1716 1826 1756 sit.
1886 1716 2074 1767 Denique
2104 1714 2248 1757 Isthm.
2279 1716 2338 1757 IV

157 1799 254 1838 ante
286 1795 432 1838 Isthm.
456 1795 518 1837 III
549 1796 704 1838 factum
737 1809 827 1838 esse
858 1796 1106 1838 observavit.
1118 1795 1151 1848 1)

292 1876 390 1917 Post
412 1874 636 1928 Bergkium
669 1875 738 1917 alii
769 1876 890 1917 aliam
922 1875 1029 1916 viam
1061 1874 1236 1927 ingressi
1269 1877 1366 1915 sunt
1395 1874 1580 1915 homines
1612 1874 1722 1916 docti
1755 1886 1847 1916 cum
1877 1873 2116 1917 Hermanno
2151 1874 2340 1927 »quidvis

156 1954 299 2007 potius
331 1955 597 2004 tentandum,
636 1966 759 2006 quam
793 1954 1068 2006 disiungenda
1100 1953 1284 1994 carmina
1316 1953 1458 1994 eodem
1501 1957 1632 1995 metro
1670 1954 1848 2006 scripta«
1891 1954 2188 1996 existimantes.
2249 1954 2340 2004 Quo

156 2046 205 2074 ex
236 2046 407 2075 numero
439 2033 552 2074 solus
585 2033 884 2075 Constantinus
920 2032 1077 2085 ssu11e2)
1108 2032 1255 2074 auditu
1289 2030 1460 2082 dignus,
1505 2032 1575 2083 qui
1608 2044 1656 2073 eo
1685 2031 1946 2085 potissimum
1990 2031 2128 2074 differt
2158 2045 2182 2073 a
2212 2031 2341 2084 Berg-

157 2111 240 2162 kio,
273 2112 382 2164 quod
415 2111 641 2152 Pindarum
667 2111 838 2152 Isthmio
861 2112 917 2153 IV
950 2111 1138 2164 quamvis
1171 2112 1331 2162 integro
1364 2110 1546 2160 carmini,
1579 2123 1670 2151 curn
1702 2110 1876 2153 alteram
1909 2111 2123 2152 victoriam
2145 2110 2341 2152 Melissus

127 2180 478 2242 reportavisset,
521 2191 802 2243 duodeviginti
842 2202 986 2232 versus
1027 2192 1105 2244 (z
1138 2190 1281 2231 Isthm.
1312 2188 1373 2229 III
1411 2188 1602 2241 Bergkii)
1641 2187 1883 2241 praefixisse
1924 2189 2138 2241 opinatur3
2185 2192 2226 2230 et
2265 2189 2342 2230 hoc

160 2269 325 2321 quidem
357 2270 415 2310 ita
446 2272 611 2322 egregie
648 2270 794 2312 fecisse
833 2274 1018 2321 poetam,
1058 2275 1105 2310 ut
1144 2270 1268 2310 etiam
1311 2269 1608 2321 elegantiorum
1642 2268 1901 2319 quorundam
1939 2268 2150 2309 hominum
2192 2267 2343 2309 iudicio

164 2352 302 2400 partes
334 2348 441 2390 duae
475 2362 553 2390 una
584 2351 701 2400 quasi
734 2349 865 2390 forma
896 2360 1117 2401 percussae
1149 2360 1239 2389 esse
1271 2347 1503 2388 videantur.
1563 2345 1810 2387 Accuratius
1842 2345 1980 2397 paullo
2013 2347 2343 2387 examinantibus

164 2427 282 2468 nobis
328 2439 379 2467 ne
425 2427 725 2469 dubitationem
773 2432 966 2469 moveant
1013 2426 1209 2467 nonnulla
1250 2427 1358 2466 inter
1405 2438 1448 2466 se
1494 2435 1656 2477 parunr
1689 2424 1994 2474 convenientia,
2042 2423 2162 2465 Bulle
2208 2424 2342 2465 locum

168 2503 445 2546 Goethianum
479 2506 696 2558 confert.3)

374 2583 453 2624 Sed
487 2587 533 2625 ut
564 2597 644 2625 non
678 2584 808 2625 dicam
841 2588 1041 2636 quantum
1075 2583 1230 2624 distent
1261 2587 1427 2623 nostrae
1458 2583 1607 2623 aetatis
1639 2581 1826 2622 homines
1857 2581 2032 2634 legendo
2064 2580 2201 2633 potius
2223 2593 2345 2633 quam

170 2662 375 2703 audiendo
407 2667 600 2714 poemata
633 2664 844 2715 percipere
877 2663 984 2703 sueti
1017 2677 1038 2702 a
1072 2661 1242 2702 Graecis
1275 2660 1356 2701 illis
1399 2661 1660 2702 auditoribus
1700 2659 1917 2700 dumtaxat
1957 2659 2089 2712 iisque
2129 2660 2238 2700 inter
2277 2671 2348 2699 au-

171 2741 365 2782 diendum
399 2747 439 2781 ct
470 2741 760 2782 attentissimis
794 2746 833 2782 et
865 2740 1161 2792 sagacissimis:
1205 2739 1302 2780 illud
1328 2739 1604 2780 Goetliianum
1636 2738 1677 2779 id
1711 2743 1786 2788 est,
1819 2739 1929 2790 quod
1960 2737 2132 2778 tolerari
2160 2737 2346 2790 possit,4)

170 2820 274 2861 haec
305 2820 385 2861 duo
410 2820 576 2861 Pindari
609 2821 791 2860 carmina
823 2821 861 2860 in
895 2833 1018 2860 unum
1053 2818 1271 2860 coniuncta
1303 2818 1401 2858 ferri
1433 2817 1543 2858 nullo
1577 2817 1696 2857 modo
1728 2821 1914 2869 possunt.
1962 2817 2051 2858 Non
2084 2828 2221 2858 moror
2242 2827 2348 2867 quae

174 2899 212 2939 in
245 2899 379 2950 prima
410 2898 605 2940 carminis
638 2898 693 2940 1V
729 2899 919 2950 stropha,
959 2899 992 2939 si
1025 2898 1175 2949 excipit
1208 2897 1279 2937 illa
1310 2897 1485 2948 epodum
1519 2896 1712 2936 carminis
1749 2896 1827 2945 ΙΙΙ,
1870 2896 2072 2937 neminem
2103 2908 2183 2936 non
2224 2895 2349 2936 offen-

323 3083 350 3124 1)
376 3092 408 3115 v.
434 3081 544 3115 PLG³
569 3093 603 3125 p.
623 3085 702 3117 253.
752 3082 881 3126 Heynii
908 3081 961 3115 cd.
985 3082 1025 3114 21
1054 3092 1086 3125 p.
1106 3084 1182 3116 599.

317 3138 346 3182 2)
372 3138 451 3171 vide
479 3149 597 3182 progr.
624 3139 731 3173 schol.
757 3139 858 3182 prim.
886 3139 1000 3171 Brom.
1032 3141 1126 3180 1860,
1153 3138 1258 3171 Jahn.
1285 3148 1363 3171 ann.
1390 3138 1457 3171 vol.
1484 3138 1566 3171 CIII
1592 3140 1709 3179 (1871)
1735 3148 1766 3179 p.
1785 3140 1851 3170 585
1866 3146 1909 3169 ss.

317 3195 346 3238 3)
373 3194 500 3237 epilog.
528 3194 572 3227 ad
599 3195 759 3228 Schillcri
785 3205 891 3228 carm.
919 3194 960 3226 dc
988 3204 1160 3236 campana
1186 3198 1246 3226 str.
1275 3196 1310 3226 11
1340 3198 1375 3226 ct
1404 3196 1453 3227 12.

318 3252 347 3293 4)
375 3251 416 3284 cf.
444 3250 551 3283 etiam
577 3250 730 3285 Uhlandi
757 3260 899 3285 carmen
924 3248 966 3283 de
991 3254 1120 3292 poetae
1146 3249 1273 3283 reditu.
