2451 3747
1219 343 1244 382 2

162 488 318 532 ‹lnnt:¹)
365 485 585 526 carminum
619 483 796 523 rationes
827 480 990 522 omnino
1022 479 1210 521 diversae
1241 482 1350 520 sunt.
1411 478 1515 519 Nam
1554 477 1595 519 in
1635 489 1758 518 carm.
1790 476 1846 517 IV
1880 475 2105 516 Isthmiaca
2144 474 2318 516 victoria
2384 523 2387 525 ‚

161 565 419 617 praedicatur
451 568 643 614 tanquam
674 564 767 612 post
799 559 1035 601 diuturnam
1058 558 1272 611 caliginem
1293 557 1428 610 prima
1448 556 1529 607 lux,
1562 567 1667 607 quae
1689 555 1870 608 priscum
1892 554 2028 607 gentis
2058 553 2319 606 splendorem

161 643 452 694 aliquantisper
483 641 744 682 obscuratum
777 638 980 685 restituat,
1011 637 1180 679 tertium
1213 648 1376 679 carmen
1415 635 1519 676 duas
1551 633 1709 675 Melissi
1748 633 1964 681 victorias,
2005 633 2180 675 alteram
2212 632 2318 674 Isth-

161 722 342 771 miacum,
374 719 544 760 alteram
568 718 825 766 Nemeaeam,
858 715 1001 758 laudat
1034 719 1080 756 ut
1109 727 1189 757 non
1221 714 1349 755 miras
1379 713 1421 754 in
1452 716 1574 765 gente
1606 712 1791 754 victoriis
1824 716 1866 753 et
1896 712 2053 753 divitiis
2084 711 2318 764 antiquitus

161 800 320 851 insigni.
382 797 499 848 Quid,
531 798 638 848 quod
670 798 709 837 in
742 800 918 848 utroque
950 795 1129 837 carmine
1161 793 1344 836 universi
1381 792 1546 845 generis
1585 791 1754 832 humani
1792 791 1999 833 fortunam
2038 803 2185 844 parum
2223 802 2320 832 con-

161 883 332 919 stantem
365 876 483 916 affert
513 874 661 928 poeta?
707 876 761 915 At
792 874 882 916 vide
914 886 1036 925 quam
1067 873 1231 915 diverso
1261 873 1303 914 id
1334 872 1461 914 faciat
1491 870 1680 913 consilio!
1728 870 1892 912 Etenim
1915 870 1955 910 in
1978 874 2127 923 quarto
2150 870 2317 923 quidem

159 958 349 998 victorem
383 955 468 996 vult
499 953 711 1004 consolari,
743 953 785 993 in
816 953 937 994 tertio
969 964 1100 1004 eoque
1130 953 1275 1004 procul
1297 951 1422 993 dubio
1444 954 1538 1004 post
1558 950 1661 992 illud
1683 950 1909 1003 composito
1933 950 1987 1003 (v.
2011 950 2163 1002 Bergk.
2185 944 2318 991 PLG³

160 1050 196 1088 p.
222 1036 318 1084 253,
362 1033 485 1076 Bullii
516 1046 653 1086 progr.
686 1033 820 1073 Brem.
851 1044 890 1084 p.
914 1032 937 1072 9
956 1031 1028 1082 ss.)
1060 1031 1295 1072 admonere.
1356 1028 1546 1081 Denique
1584 1029 1886 1082 ineptissimum
1928 1028 2034 1071 foret
2074 1041 2107 1070 c.
2134 1027 2194 1069 IV
2225 1041 2317 1071 cum

160 1113 279 1155 tertio
322 1113 580 1154 coniunctum
619 1115 788 1163 propter
817 1109 900 1163 III,
942 1110 1088 1151 5—6:
1143 1108 1324 1161 πλαγίαις
1356 1105 1411 1148 ’δὲ
1453 1108 1676 1163 φρένεσσιν
1718 1107 1790 1164 οὐχ
1831 1109 1946 1162 ὁμῶς
1993 1109 2124 1148 πάντα
2149 1107 2319 1164 ,χρόνον

162 1192 321 1231 θάλλων
353 1192 481 1243 ὁμιλεῖ
510 1186 680 1243 (ὄλβος).
719 1214 772 1219 -
814 1189 928 1240 Quae
957 1201 1048 1230 cum
1080 1188 1138 1230 ita
1176 1189 1279 1238 sint,
1321 1188 1552 1230 rectissime
1592 1186 1820 1240 Bergkium
1858 1186 2041 1228 carmina
2080 1186 2319 1228 distinxisse

157 1272 416 1312 arbitramur.
440 1294 490 1299 —
514 1270 599 1310 Iam
620 1269 851 1310 accuratius
873 1280 949 1320 age
970 1268 1026 1309 sis
1058 1267 1274 1309 considera
1303 1279 1338 1308 c.
1360 1266 1440 1307 III:
1492 1266 1559 1308 »Si
1590 1268 1683 1320 quis
1714 1271 1787 1309 aut
1808 1266 2105 1309 certaminibus
2126 1265 2319 1319 gloriosis

156 1356 225 1391 aut
248 1350 398 1391 divitiis
421 1348 515 1389 felix
537 1346 758 1400 compescit
778 1347 900 1388 animi
922 1345 1197 1397 insolentiam,
1230 1346 1378 1398 dignus
1400 1351 1463 1388 est
1484 1345 1677 1388 laudibus
1699 1345 1849 1387 civium
1881 1357 2063 1387 suorum.
2110 1345 2318 1386 Divinitas

158 1429 262 1469 enim
307 1428 488 1469 homines
533 1426 755 1468 virtutibus
801 1424 978 1478 praediti
1018 1429 1134 1475 sunt3
1179 1425 1336 1466 maiore
1373 1428 1512 1466 autem
1553 1425 1611 1477 pii
1650 1428 1826 1466 utuntur
1864 1424 2161 1477 prosperitate,
2203 1423 2319 1477 impii

157 1507 348 1547 minore«
410 1505 593 1558 Apparet
623 1516 822 1546 summam
854 1503 1050 1556 strophae
1078 1503 1254 1555 positam
1287 1514 1378 1545 esse
1407 1503 1450 1544 in
1482 1503 1809 1549 commendanda
1839 1503 2125 1544 moderatione
2157 1506 2199 1543 et
2233 1502 2319 1555 pie-

156 1589 252 1626 tate.
298 1583 439 1636 Pergit
468 1587 610 1636 poeta:
661 1582 859 1635 »Oportet
890 1586 1028 1623 autem
1049 1594 1124 1634 pro
1145 1582 1324 1634 gloriose
1345 1581 1463 1623 factis
1483 1582 1618 1624 virum
1641 1583 1794 1624 bonum
1816 1581 1999 1624 carmine
2021 1581 2232 1623 celebrare
2250 1611 2260 1620 .
2278 1611 2288 1621 .
2306 1611 2315 1621 .

155 1665 212 1704 Ac
244 1664 400 1704 duabus
430 1662 530 1704 adeo
563 1661 745 1704 victoriis
776 1661 1017 1713 reportatis,
1049 1672 1225 1712 quarum
1255 1661 1388 1702 altera
1426 1661 1581 1703 curulis
1623 1665 1705 1712 est,
1746 1661 1798 1703 ad
1839 1660 2093 1702 hilaritatem
2133 1659 2316 1701 animum

155 1744 363 1782 convertat
395 1741 599 1782 Melissus.
644 1741 721 1791 Qui
752 1740 949 1781 virtutem
981 1740 1238 1792 congenitam
1270 1752 1350 1782 non
1382 1739 1619 1782 dedecorat.
1673 1740 1816 1782 Nostis
1847 1739 1956 1782 enim
1989 1738 2201 1791 Cleonymi
2231 1739 2318 1791 glo-

155 1820 253 1860 riam
286 1819 479 1870 eurulem,
519 1819 761 1861 Labdacidis
792 1822 930 1860 autem
961 1830 1053 1860 cum
1084 1818 1251 1871 cognati
1283 1822 1422 1861 essent
1453 1819 1526 1872 (sc.
1559 1818 1892 1872 Cleonymidae),
1934 1816 2101 1860 divitias
2131 1829 2317 1870 permea-

154 1897 251 1938 bant
283 1897 518 1953 (διέστειχον
549 1909 639 1938 cum
670 1896 828 1949 Herm.)
860 1896 960 1938 satis
992 1896 1149 1948 amplas
1181 1896 1233 1938 ad
1264 1897 1547 1950 suscipiendos
1578 1897 1742 1940 labores
1781 1897 2059 1950 quadrigales.
2118 1894 2200 1938 Sed
2231 1897 2318 1939 vita

151 1976 357 2018 hominum
389 1976 467 2017 alia
497 1975 598 2017 alias
629 1980 790 2017 mutare
821 1974 937 2025 solet,
968 1974 1287 2017 invulnerabiles
1318 1975 1396 2016 soli
1427 1975 1531 2018 deis
1559 1999 1609 2005 -
1642 1976 1750 2026 Quid
1771 1975 1927 2029 igitur?
1972 1974 2316 2017 Commemoratis

152 2055 333 2096 victoriis
362 2055 586 2096 orationem
618 2066 831 2095 recurrere
869 2053 921 2095 ad
961 2054 1206 2095 sententiam
1239 2054 1281 2094 in
1315 2053 1432 2096 initio
1470 2054 1648 2107 positam
1686 2054 2044 2097 animadverteris.
2106 2053 2316 2097 Victorem

152 2133 256 2173 enim
287 2137 328 2174 et
358 2133 579 2185 gloriosum
610 2139 650 2174 et
682 2133 847 2175 divitem
880 2133 1101 2175 admonere
1131 2132 1220 2174 vult
1249 2136 1392 2185 poeta,
1423 2145 1475 2175 ne
1505 2133 1547 2174 in
1578 2136 1696 2175 tanta
1723 2133 2003 2186 prosperitate
2032 2132 2240 2175 hominem
2270 2145 2316 2175 se

152 2224 239 2253 esse
261 2211 537 2253 obliviscatur.
583 2211 785 2264 Equidem
817 2212 918 2253 nihil
949 2211 1137 2253 desidero
1169 2212 1245 2253 hoc
1276 2213 1316 2252 in
1349 2213 1543 2254 carmine.
1590 2213 1709 2263 Quod
1740 2226 1822 2255 non
1853 2213 1990 2254 minus
2021 2213 2122 2254 mihi
2151 2212 2316 2254 videtur

152 2302 239 2331 esse
270 2291 499 2332 absolutum
530 2296 571 2332 et
608 2290 833 2342 perfectum
875 2302 997 2343 quam
1030 2289 1093 2331 Ol.
1115 2290 1175 2331 XI
1207 2289 1280 2343 (X)
1321 2295 1394 2331 aut
1431 2289 1551 2343 Pyth.
1576 2290 1666 2333 VII.
1727 2291 1917 2345 Denique
1954 2303 2121 2333 carmen
2162 2290 2316 2332 desinit

151 2368 322 2410 similem
352 2370 392 2409 in
423 2369 669 2410 sententiam
699 2372 823 2420 atque
846 2368 908 2410 Ol.
932 2368 1025 2410 VH:
1073 2367 1115 2408 ἐν
1147 2367 1193 2407 δὲ
1219 2373 1298 2423 μιᾷ
1325 2368 1456 2423 μοίρᾳ
1481 2370 1638 2425 χρόνοι)
1661 2370 1796 2410 ἄλλοτ’
1827 2370 1983 2410 ἀλλοῖαι
2014 2368 2314 2410 διαιθύσσοισιν

150 2445 281 2500 αὖραι.
315 2472 367 2476 -
398 2449 432 2488 A
455 2450 589 2491 verbis
621 2448 703 2490 ἔστι
731 2466 801 2502 μοι
831 2448 944 2490 θεῶν
975 2449 1084 2489 ἕκατι
1115 2450 1194 2489 κτλ.
1228 2449 1391 2502 (Isthm.
1415 2450 1486 2498 IV,
1522 2451 1539 2489 l
1575 2465 1628 2483 =
1660 2450 1734 2500 HI,
1769 2449 1819 2489 19
1853 2448 1982 2501 vulg.)
2015 2459 2181 2490 carmen
2213 2448 2310 2490 inci-

148 2538 243 2575 pere
274 2526 395 2577 posse‘
424 2528 589 2579 negavit
620 2533 713 2580 post
743 2529 844 2570 alios
877 2529 1033 2581 Bergk,
1073 2542 1147 2581 ego
1179 2541 1332 2582 negare
1364 2541 1443 2571 non
1482 2529 1615 2570 audeo
1658 2528 1748 2570 coll.
1783 2528 1845 2570 Ol.
1869 2527 1970 2569 XIII
2000 2528 2056 2569 in.
2095 2527 2314 2582 Τρισολυμ-

150 2604 322 2643 πιονίκαν
344 2629 395 2634 —
420 2607 628 2659 γνώσομαι
660 2608 728 2647 τὰν
761 2607 902 2660 ὀλβίαν
927 2606 1140 2661 Κόρινθον,
1171 2607 1290 2659 Pyth.
1318 2606 1390 2648 IX.
1422 2608 1476 2648 in.
1515 2605 1668 2647 Ἐθέλω
1695 2606 1958 2662 χαλκάσπιδα
1990 2605 2235 2646 Πυθιονίκαν
2257 2629 2312 2637 -

155 2681 420 2738 Τελεσικράτη
449 2707 499 2712 ——
532 2687 737 2736 γεγωνεῖν,
770 2687 838 2727 ubi
870 2686 969 2739 quid
1001 2698 1147 2728 canere
1178 2685 1279 2727 velit
1308 2687 1349 2726 in
1381 2686 1470 2738 ipso
1502 2685 1642 2727 limine
1673 2689 1798 2737 poeta
1828 2684 2075 2738 simpliciter
2095 2685 2312 2738 significet.

147 2760 264 2809 Quod
295 2761 410 2803 Nem.
435 2763 502 2813 VI,
535 2764 587 2804 45
620 2763 752 2805 locum
785 2766 914 2806 nostri
945 2765 1119 2807 similem
1150 2765 1347 2816 afferunt,
1379 2769 1427 2806 ut
1456 2764 1601 2806 Isthm.
1627 2765 1683 2806 IV
1715 2777 1739 2806 a
1769 2765 1894 2806 tertio
1933 2769 2173 2818 separatum
2203 2765 2312 2806 iusto

146 2839 353 2889 prooemio
385 2852 524 2882 carere
555 2842 792 2894 ostendant,
834 2844 872 2886 id
905 2848 1016 2886 certe
1047 2844 1157 2897 quod
1190 2843 1332 2886 volunt
1363 2856 1443 2885 non
1476 2842 1671 2885 efficiunt.
1733 2842 1922 2895 Namque
1952 2844 2132 2896 abrupta
2170 2842 2310 2885 subito

146 2918 330 2959 oratione
361 2931 509 2960 novum
540 2921 657 2972 quasi
689 2922 899 2963 exordium
930 2923 1094 2974 capiens
1126 2924 1330 2966 Pindarus
1353 2925 1536 2977 Aeginae
1567 2924 1848 2966 laudationem
1880 2925 1938 2966 sie
1969 2924 2174 2966 instituit:
2217 2924 2312 2964 πλα-

150 2998 248 3034 τεῖαι
282 2997 482 3037 mansuer)
514 2999 700 3051 λογίοισιν
732 2999 810 3039 ἐντὶ
842 2997 1039 3054 πρόσοδοι
1076 3004 1199 3041 νᾶσον
1240 3002 1383 3042 εὐκλέα
1421 3001 1545 3042 τάνδε
1583 3004 1769 3056 κοσμεῖν·
1809 3000 1899 3042 ἐπεί
1927 3002 2006 3041 κτλ.
2069 3001 2151 3043 Sed
2188 3001 2310 3043 mitto

282 3143 307 3184 ¹)
333 3143 426 3177 Mira
451 3154 593 3186 prorsus
618 3144 660 3178 de
686 3145 754 3179 hoc
777 3145 854 3179 loco
879 3145 1027 3189 protulit
1044 3146 1192 3190 Mezger
1209 3147 1316 3181 Jahn.
1335 3157 1415 3182 ann.
1437 3149 1521 3184 1867
1546 3158 1582 3191 p.
1597 3148 1788 3190 396—973
1815 3147 1877 3181 sed
1901 3147 1993 3189 conf.
2011 3146 2166 3181 Bullium
2189 3156 2308 3191 progr.

146 3198 259 3230 Brem.
289 3202 372 3234 1809
398 3212 431 3243 p.
450 3203 469 3236 7
497 3207 531 3235 et
559 3205 608 3236 19.

276 3255 308 3297 ²)
337 3256 412 3288 vicli·v
439 3259 644 3298 praesertim
671 3259 904 3295 Friederichs.
932 3259 1022 3295 stud·
1049 3259 1146 3294 Pind.
1173 3271 1208 3303 p.
1225 3262 1281 3295 97.

2446 926 2451 989 l

2442 990 2451 1062 l

2443 1065 2451 1102 l

2444 1103 2451 1150 l

2446 1156 2451 1205 ff

2441 1300 2451 1362 ἕ

2444 1675 2451 1841 l
